
@book{misner1973gravitation,
    title={Gravitation},
    author={Misner, Charles W and Thorne, Kip S and Wheeler, John Archibald},
    year={1973},
    publisher={W.H. Freeman},
    isbn={9780716703440}
}

@article{fedi2017gravity,
    title={Gravity as a fluid dynamic phenomenon in a superfluid quantum space. Fluid quantum gravity and relativity},
    author={Fedi, M.},
    year={2017},
    journal={HAL Archive},
    url={https://hal.science/hal-01248015}
}

@article{sbitnev2021quaternion,
    title={Quaternion algebra on 4d superfluid quantum space-time: can dark matter be a manifestation of the superfluid ether?},
    author={Sbitnev, Valeriy},
    journal={Universe},
    volume={7},
    number={2},
    pages={32},
    year={2021},
    doi={10.3390/universe7020032}
}

@article{barcelo2011analogue,
    title={Analogue gravity},
    author={Barcel{\'o}, Carlos and Liberati, Stefano and Visser, Matt},
    journal={Living Reviews in Relativity},
    volume={14},
    number={1},
    pages={3},
    year={2011},
    publisher={Springer},
    doi={10.12942/lrr-2011-3}
}

@article{simula2020gravitational,
    title={Gravitational vortex mass in a superfluid},
    author={Simula, T.},
    journal={Physical Review A},
    volume={101},
    number={6},
    pages={063616},
    year={2020},
    doi={10.1103/PhysRevA.101.063616},
    url={https://journals.aps.org/pra/abstract/10.1103/PhysRevA.101.063616}
}

@article{winterberg1990maxwell,
    title={Maxwell's equations and Einstein-gravity in the Planck aether model of a unified field theory},
    author={Winterberg, F.},
    journal={Zeitschrift f√ºr Naturforschung A},
    volume={45},
    number={9},
    pages={1008--1012},
    year={1990},
    doi={10.1515/zna-1990-9-1008},
    url={https://www.degruyter.com/document/doi/10.1515/zna-1990-9-1008/html}
}

@article{moffatt1969degree,
    title={The degree of knottedness of tangled vortex lines},
    author={Moffatt, H. Keith},
    journal={Journal of Fluid Mechanics},
    volume={35},
    number={1},
    pages={117--129},
    year={1969},
    publisher={Cambridge University Press},
    doi={10.1017/S0022112069000991}
}

@article{knottedvortices2012kleckner,
    title={Creation and dynamics of knotted vortices},
    author={Kleckner, Dustin and Irvine, William TM},
    journal={Nature Physics},
    volume={9},
    number={4},
    pages={253--258},
    year={2013},
    doi={10.1038/nphys2560},
    url={https://www.nature.com/articles/nphys2560}
}
