
@article{Iskandarani2025,
  title={The Vortex Æther Model: A Unified Topological Field Theory of Mass, Gravity, and Time},
  author={Iskandarani, Omar},
  journal={Preprint},
  year={2025}
}

@book{Penrose2004,
  title={The Road to Reality: A Complete Guide to the Laws of the Universe},
  author={Penrose, Roger},
  year={2004},
  publisher={Jonathan Cape}
}

@article{Kauffman1991,
  title={Knots and Physics},
  author={Kauffman, Louis H},
  journal={World Scientific},
  year={1991}
}

@article{Berloff2014,
  title={Realizing quantum knots in Bose–Einstein condensates},
  author={Berloff, Natalia G. and others},
  journal={Nature Materials},
  volume={13},
  pages={20--24},
  year={2014}
}

@article{Hall2016,
  title={Tying quantum knots},
  author={Hall, D. S. et al.},
  journal={Nature Physics},
  volume={12},
  pages={478--483},
  year={2016}
}
