
@book{Kauffman1991,
  title={Knots and Physics},
  author={Kauffman, Louis H},
  year={1991},
  publisher={World Scientific}
}

@article{Hoste1998,
  title={The first 1,701,936 knots},
  author={Hoste, Jim and Thistlethwaite, Morwen and Weeks, Jeffrey},
  journal={Mathematical Intelligencer},
  volume={20},
  number={4},
  pages={33--48},
  year={1998}
}

@article{Hall2016,
  title={Tying quantum knots},
  author={Hall, D. S. et al.},
  journal={Nature Physics},
  volume={12},
  pages={478--483},
  year={2016}
}

@article{Iskandarani2025,
  title={The Vortex Ã†ther Model: A Unified Topological Field Theory of Mass, Gravity, and Time},
  author={Iskandarani, Omar},
  journal={Preprint},
  year={2025}
}
