
@book{Kauffman1991,
  title={Knots and Physics},
  author={Kauffman, Louis H},
  year={1991},
  publisher={World Scientific}
}

@article{Vilenkin1994,
  title={Topological defects and cosmology},
  author={Vilenkin, Alexander and Shellard, E. P. S.},
  journal={Physics Reports},
  volume={267},
  number={1-3},
  pages={1--144},
  year={1994},
  publisher={Elsevier}
}

@article{Anderson2001,
  title={Vortex Precession in Dilute Bose-Einstein Condensates},
  author={Anderson, B. P. et al.},
  journal={Physical Review Letters},
  volume={86},
  number={14},
  pages={2926--2929},
  year={2001}
}

@article{Hall2016,
  title={Tying quantum knots},
  author={Hall, D. S. et al.},
  journal={Nature Physics},
  volume={12},
  pages={478--483},
  year={2016}
}

@article{Berloff2014,
  title={Realizing quantum knots in Bose–Einstein condensates},
  author={Berloff, Natalia G. and others},
  journal={Nature Materials},
  volume={13},
  pages={20--24},
  year={2014}
}

@article{Iskandarani2025,
  title={The Vortex Æther Model: A Unified Topological Field Theory of Mass, Gravity, and Time},
  author={Iskandarani, Omar},
  journal={Preprint},
  year={2025}
}



@article{Hoste1998,
  title={The first 1,701,936 knots},
  author={Hoste, Jim and Thistlethwaite, Morwen and Weeks, Jeffrey},
  journal={Mathematical Intelligencer},
  volume={20},
  number={4},
  pages={33--48},
  year={1998}
}




@article{Wilczek1998,
  title={Quantum Field Theory},
  author={Wilczek, Frank},
  journal={Physics Today},
  volume={51},
  number={1},
  pages={11--13},
  year={1998}
}

@article{Faddeev1999,
  title={Knots as possible excitations of the quantum Yang--Mills fields},
  author={Faddeev, L. D. and Niemi, Antti J.},
  journal={Nature},
  volume={387},
  pages={58--61},
  year={1999}
}



@article{Schwarz1985,
  title={Three-dimensional vortex dynamics in superfluid $^4$He: Line-line and line-boundary interactions},
  author={Schwarz, K. W.},
  journal={Physical Review B},
  volume={31},
  number={9},
  pages={5782--5804},
  year={1985}
}




@book{Penrose2004,
  title={The Road to Reality: A Complete Guide to the Laws of the Universe},
  author={Penrose, Roger},
  year={2004},
  publisher={Jonathan Cape}
}

