
@article{Iskandarani2025,
  title={The Vortex Æther Model: A Unified Topological Field Theory of Mass, Gravity, and Time},
  author={Iskandarani, Omar},
  journal={Preprint},
  year={2025}
}

@article{Wilczek1998,
  title={Quantum Field Theory},
  author={Wilczek, Frank},
  journal={Physics Today},
  volume={51},
  number={1},
  pages={11--13},
  year={1998}
}

@article{Faddeev1999,
  title={Knots as possible excitations of the quantum Yang--Mills fields},
  author={Faddeev, L. D. and Niemi, Antti J.},
  journal={Nature},
  volume={387},
  pages={58--61},
  year={1999}
}

@article{Berloff2014,
  title={Realizing quantum knots in Bose–Einstein condensates},
  author={Berloff, Natalia G. and others},
  journal={Nature Materials},
  volume={13},
  pages={20--24},
  year={2014}
}

@article{Schwarz1985,
  title={Three-dimensional vortex dynamics in superfluid $^4$He: Line-line and line-boundary interactions},
  author={Schwarz, K. W.},
  journal={Physical Review B},
  volume={31},
  number={9},
  pages={5782--5804},
  year={1985}
}
