
@book{Kauffman1991,
  title={Knots and Physics},
  author={Kauffman, Louis H},
  year={1991},
  publisher={World Scientific}
}

@article{Vilenkin1994,
  title={Topological defects and cosmology},
  author={Vilenkin, Alexander and Shellard, E. P. S.},
  journal={Physics Reports},
  volume={267},
  number={1-3},
  pages={1--144},
  year={1994},
  publisher={Elsevier}
}

@article{Anderson2001,
  title={Vortex Precession in Dilute Bose-Einstein Condensates},
  author={Anderson, B. P. et al.},
  journal={Physical Review Letters},
  volume={86},
  number={14},
  pages={2926--2929},
  year={2001}
}

@article{Hall2016,
  title={Tying quantum knots},
  author={Hall, D. S. et al.},
  journal={Nature Physics},
  volume={12},
  pages={478--483},
  year={2016}
}

@article{Berloff2014,
  title={Realizing quantum knots in Bose–Einstein condensates},
  author={Berloff, Natalia G. and others},
  journal={Nature Materials},
  volume={13},
  pages={20--24},
  year={2014}
}

@article{Iskandarani2025,
  title={The Vortex Æther Model: A Unified Topological Field Theory of Mass, Gravity, and Time},
  author={Iskandarani, Omar},
  journal={Preprint},
  year={2025}
}
