@Misc{VAM-0,
    author	= {Omar Iskandarani},
    title		= {Revisiting the Æther:  From Einstein to the Vortex Fluid Paradigm},
    year		= {2025},
    note		= {Published via Zenodo and archived at \texttt{zenodo.org}},
    keywords	= {vorticity, vortex knot, æther, time dilation, gravitational analogs, superfluid gravity, LENR, topological mass},
    howpublished	= {\url{https://doi.org/10.5281/zenodo.15669901}},
    url		= {https://github.com/bg-omar/VAM/releases},
    doi		= {10.5281/zenodo.15669901},
    orcid		= {0009-0006-1686-3961},
}

@Misc{VAM-1,
  author	= {Omar Iskandarani},
  title		= {Time Dilation in a 3D Superfluid Æther Model},
  year		= {2025},
  note		= {Published via Zenodo and archived at \texttt{zenodo.org}},
  keywords	= {vorticity, vortex knot, æther, time dilation, gravitational analogs, superfluid gravity, LENR, topological mass},
  howpublished	= {\url{https://doi.org/10.5281/zenodo.15669794}},
  url		= {https://github.com/bg-omar/VAM/releases},
  doi		= {10.5281/zenodo.15669794},
  orcid		= {0009-0006-1686-3961},
}

@Misc{VAM-2,
  author	= {Omar Iskandarani},
  title		= {Swirl Clocks and Vorticity-Induced Gravity: Reformulating Relativity in a Structured Vortex Æther},
  year		= {2025},
  note		= {Published via Zenodo and archived at \texttt{zenodo.org}},
  howpublished	= {\url{https://doi.org/10.5281/zenodo.15566335}},
  url		= {https://github.com/bg-omar/VAM/releases},
  keywords	= {vorticity, vortex knot, æther, time dilation, gravitational analogs, superfluid gravity, LENR, topological mass},
  doi		= {10.5281/zenodo.15566335},
  orcid		= {0009-0006-1686-3961},
}

@Misc{VAM-3,
  author	= {Omar Iskandarani},
  title		= {Benchmarking the Vortex Æther Model Against General Relativity},
  year		= {2025},
  note		= {Published via Zenodo and archived at \texttt{zenodo.org}},
  keywords	= {vorticity, vortex knot, æther, time dilation, gravitational analogs, superfluid gravity, LENR, topological mass},
  howpublished	= {\url{https://doi.org/10.5281/zenodo.15665432}},
  url		= {https://github.com/bg-omar/VAM/releases},
  doi		= {10.5281/zenodo.15665432},
  orcid		= {0009-0006-1686-3961},
}

@Misc{VAM-4,
  author	= {Omar Iskandarani},
  title		= {Emergent General Relativity from Structured Swirl Dynamics in the Vortex Æther Model (VAM)},
  year		= {2025},
  note		= {Published via Zenodo and archived at \texttt{zenodo.org}},
  keywords	= {vorticity, vortex knot, æther, time dilation, gravitational analogs, superfluid gravity, LENR, topological mass},
  howpublished	= {\url{https://doi.org/10.5281/zenodo.15712577}},
  url		= {https://github.com/bg-omar/VAM/releases},
  doi		= {10.5281/zenodo.15712577},
  orcid		= {0009-0006-1686-3961},
}

@Misc{VAM-5,
  author	= {Omar Iskandarani},
  title		= {On a Vortex-Based Lagrangian Unification of Gravity and Electromagnetism},
  year		= {2025},
  note		= {Published via Zenodo and archived at \texttt{zenodo.org}},
  keywords	= {vorticity, vortex knot, æther, time dilation, gravitational analogs, superfluid gravity, LENR, topological mass},
  howpublished	= {\url{https://doi.org/10.5281/zenodo.15772857}},
  url		= {https://github.com/bg-omar/VAM/releases},
  doi		= {10.5281/zenodo.15772857},
  orcid		= {0009-0006-1686-3961},
}

@Misc{VAM-6,
  author	= {Omar Iskandarani},
  title		= {Knotted Gauge Fields: Rebuilding the Standard Model from Vortex Æther Dynamics},
  year		= {2025},
  note		= {Published via Zenodo and archived at \texttt{zenodo.org}},
  keywords	= {vorticity, vortex knot, æther, time dilation, gravitational analogs, superfluid gravity, LENR, topological mass},
  howpublished	= {\url{https://doi.org/10.5281/zenodo.15772832}},
  url		= {https://github.com/bg-omar/VAM/releases},
  doi		= {10.5281/zenodo.15772832},
  orcid		= {0009-0006-1686-3961},
}


@Misc{VAM-7,
  author	= {Omar Iskandarani},
  title		= {From Quantum Constants to Galactic Swirl: Deriving Æther Density in the VAM Framework},
  year		= {2025},
  note		= {Published via Zenodo and archived at \texttt{zenodo.org}},
  keywords	= {vorticity, vortex knot, æther, time dilation, gravitational analogs, superfluid gravity, LENR, topological mass},
  howpublished	= {\url{https://doi.org/10.5281/zenodo.15701958}},
  url		= {https://github.com/bg-omar/VAM/releases},
  doi		= {10.5281/zenodo.15701958},
  orcid		= {0009-0006-1686-3961},
}


@Misc{VAM-8,
  author	= {Omar Iskandarani},
  title		= {The Vortex Æther Model: A Unified Topological Field Theory of Mass, Gravity, and Time},
  year		= {2025},
  note		= {Published via Zenodo and archived at \texttt{zenodo.org}},
  keywords	= {vorticity, vortex knot, æther, time dilation, gravitational analogs, superfluid gravity, LENR, topological mass},
  howpublished	= {\url{https://doi.org/10.5281/zenodo.15848010}},
  url		= {https://github.com/bg-omar/VAM/releases},
  doi		= {10.5281/zenodo.15848010},
  orcid		= {0009-0006-1686-3961},
}


@Misc{VAM-9,
  author	= {Omar Iskandarani},
  title		= {Milky Way as a Chiral Swirl-Knot Network – Exclusion of Achiral Knots},
  year		= {2025},
  note		= {Published via Zenodo and archived at \texttt{zenodo.org}},
  keywords	= {vorticity, vortex knot, æther, time dilation, gravitational analogs, superfluid gravity, LENR, topological mass},
  howpublished	= {\url{https://doi.org/10.5281/zenodo.15870399}},
  url		= {https://github.com/bg-omar/VAM/releases},
  doi		= {10.5281/zenodo.15870399},
  orcid		= {0009-0006-1686-3961},
}


@misc{VAM-10,
  author	= {Omar Iskandarani},
  title		= {Swirl-Induced Curvature as the Mechanism of Gravitation in the Vortex Æther Model},
  year		= {2025},
  note		= {Published via Zenodo and archived at \texttt{zenodo.org}},
  keywords	= {vorticity, vortex knot, æther, time dilation, gravitational analogs, superfluid gravity, LENR, topological mass},
  howpublished	= {\url{https://doi.org/10.5281/zenodo.15870448}},
  url		= {https://github.com/bg-omar/VAM/releases},
  doi		= {10.5281/zenodo.15870448},
  orcid		= {0009-0006-1686-3961},
}

@misc{VAM-11,
  author	= {Omar Iskandarani},
  title		= {Master Equation for Particle Masses},
  year		= {2025},
  note		= {Published via Zenodo and archived at \texttt{zenodo.org}},
  keywords	= {vorticity, vortex knot, æther, time dilation, gravitational analogs, superfluid gravity, LENR, topological mass},
  howpublished	= {\url{https://doi.org/10.5281/zenodo.16324153}},
  url		= {https://github.com/bg-omar/VAM/releases},
  doi		= {10.5281/zenodo.16324153},
  orcid		= {0009-0006-1686-3961},
}

@misc{VAM-12,
  author	= {Omar Iskandarani},
  title		= {Fractal Swirl Extension of the Vortex Æther Model (VAM)},
  year		= {2025},
  note		= {Published via Zenodo and archived at \texttt{zenodo.org}},
  keywords	= {vorticity, vortex knot, æther, time dilation, gravitational analogs, superfluid gravity, LENR, topological mass},
  howpublished	= {\url{https://doi.org/10.5281/zenodo.16324782}},
  url		= {https://github.com/bg-omar/VAM/releases},
  doi		= {10.5281/zenodo.16324782},
  orcid		= {0009-0006-1686-3961},
}

@misc{VAM-13,
  author	= {Omar Iskandarani},
  title		= {Beyond Spacetime: A Fluid-Dynamic Theory of Gravity and Time from Vorticity},
  year		= {2025},
  note		= {Published via Zenodo and archived at \texttt{zenodo.org}},
  keywords	= {vorticity, vortex knot, æther, time dilation, gravitational analogs, superfluid gravity, LENR, topological mass},
  howpublished	= {\url{https://doi.org/10.5281/zenodo.15706546}},
  url		= {https://github.com/bg-omar/VAM/releases},
  doi		= {10.5281/zenodo.15706546},
  orcid		= {0009-0006-1686-3961},
}

@misc{VAM-14,
  author	= {Omar Iskandarani},
  title		= {Topological & Fluid-Dynamic Lagrangian in the Vortex Æther Model},
  year		= {2025},
  note		= {Published via Zenodo and archived at \texttt{zenodo.org}},
  keywords	= {vorticity, vortex knot, æther, time dilation, gravitational analogs, superfluid gravity, LENR, topological mass},
  howpublished	= {\url{https://doi.org/10.5281/zenodo.16325219}},
  url		= {https://github.com/bg-omar/VAM/releases},
  doi		= {10.5281/zenodo.16325219},
  orcid		= {0009-0006-1686-3961},
}

@misc{VAM-15,
  author	= {Omar Iskandarani},
  title		= {Quantum Mechanics and Quantum Gravity in the Vortex Æther Model A Reformulation Using Superuid Vorticity and Topology},
  year		= {2025},
  note		= {Published via Zenodo and archived at \texttt{zenodo.org}},
  keywords	= {vorticity, vortex knot, æther, time dilation, gravitational analogs, superfluid gravity, LENR, topological mass},
  howpublished	= {\url{https://doi.org/10.5281/zenodo.15870859}},
  url		= {https://github.com/bg-omar/VAM/releases},
  doi		= {10.5281/zenodo.15870859},
  orcid		= {0009-0006-1686-3961},
}


@article{bateman1915aether,
    author    = {Bateman, Harry},
    title     = {The Structure of the Æther},
    journal   = {Proceedings of the American Mathematical Society},
    year      = {1915},
    volume    = {16},
    pages     = {299--309},
    url       = {https://archive.org/details/AetherAndMatterBateman1915}
}

@misc{davis2010cold,
  title = {Quantum Cold-Case Mysteries Revisited},
  author = {Lane Davis},
  year = {2010},
  note = {Conceptual inspiration, VAM diverges in interpretation}
}

@techreport{grin3d2025,
    title={GR in 3D via Vortex Æther Model},
    author={Iskandarani, Omar},
    institution={Independent Research Manuscript},
    year={2025},
    note={See GR\_in\_3d.pdf}
}

@misc{iskandarani2014aether,
    author       = {O. Iskandarani},
    title        = {The theoretical foundation of the non-viscous liquid Æther},
    howpublished = {\url{https://tinyurl.com/iskandaranidrive}},
    note         = {First published publicly on Google Docs, 17 November 2014. Ongoing development until 2024. Contains early formulations of vortex-based time, gravity, and fine-structure analogues.},
    year         = {2014}
}

@misc{iskandarani2014vam,
    author       = {Omar Iskandarani},
    title        = {The Theoretical Foundation of the Non-Viscous Liquid Æther},
    year         = {2014--2024},
    note         = {Public documentation of the Vortex Æther Model (VAM)},
    howpublished = {\url{https://tinyurl.com/iskandaranidrive}},
    url          = {https://tinyurl.com/iskandaranidrive}
}

@article{Iskandarani2025_TimeDilation,
  title = {Time Dilation in a 3D Superfluid Æther Model: Based on Vortex Core Rotation},
  author = {Iskandarani, Omar},
  year = {2025},
    journal      = {(In preparation)},
  doi = {10.5281/zenodo.15669794}
}

@article{Iskandarani2025a,
    author       = {Omar Iskandarani},
    title        = {Swirl Clocks and Vorticity-Induced Gravity: Reformulating Relativity in a Structured Vortex Æther},
    year         = {2025},
    note         = {Preprint},
    howpublished = {\url{https://doi.org/10.5281/zenodo.15566335}},
    doi          = {10.5281/zenodo.15566335},
    url          = {https://github.com/bg-omar/VAM/releases},
    keywords     = {vorticity, vortex knot, æther, time dilation, gravitational analogs, superfluid gravity, LENR, topological mass},
    orcid        = {0009-0006-1686-3961},
    journal      = {(In preparation)},
}

@misc{iskandarani2025benchmark,
    author       = {Omar Iskandarani},
    title        = {Benchmarking the Vortex Æther Model Against General Relativity},
    year         = {2025},
    note         = {Preprint},
    keywords     = {vorticity, vortex knot, æther, time dilation, gravitational analogs, superfluid gravity, LENR, topological mass},
    howpublished = {\url{https://doi.org/10.5281/zenodo.15665432}},
    url          = {https://github.com/bg-omar/VAM/releases},
    doi          = {10.5281/zenodo.15665432},
    orcid        = {0009-0006-1686-3961},
    journal      = {(In preparation)},
}

@misc{iskandarani2025experimentalCe,
    author       = {Omar Iskandarani},
    title        = {Experimental Validation of the Vortex-Core Tangential Velocity $C_e$},
    year         = {2025},
    howpublished = {\url{https://doi.org/10.5281/zenodo.15684872}},
    note         = {Zenodo preprint},
    doi          = {10.5281/zenodo.15684872},
    url          = {https://github.com/bg-omar/VAM/releases},
    keywords     = {vorticity, vortex knot, æther, time dilation, gravitational analogs, superfluid gravity, LENR, topological mass},
    orcid        = {0009-0006-1686-3961},
    journal      = {(In preparation)},
}

@misc{iskandarani2025swirl,
    author       = {Omar Iskandarani},
    title        = {Swirl Clocks and Vorticity-Induced Gravity: Reformulating Relativity in a Structured Vortex Æther},
    year         = {2025},
    note         = {Preprint},
    howpublished = {\url{https://doi.org/10.5281/zenodo.15566335}},
    url          = {https://github.com/bg-omar/VAM/releases},
    keywords     = {vorticity, vortex knot, æther, time dilation, gravitational analogs, superfluid gravity, LENR, topological mass},
    doi          = {10.5281/zenodo.15566335},
    orcid        = {0009-0006-1686-3961},
    journal      = {(In preparation)},
}

@misc{Iskandarani2025SwirlClocks,
    author       = {Omar Iskandarani},
    title        = {Swirl Clocks and Vorticity-Induced Gravity: Reformulating Relativity in a Structured Vortex Æther},
    year         = {2025},
    howpublished = {\url{https://doi.org/10.5281/zenodo.15566335}},
    url          = {https://github.com/bg-omar/VAM/releases},
    keywords     = {vorticity, vortex knot, æther, time dilation, gravitational analogs, superfluid gravity, LENR, topological mass},
    orcid        = {0009-0006-1686-3961},
    journal      = {(In preparation)},
    doi          = {10.5281/zenodo.15566335},
    note         = {Part II of the VAM series. GitHub: \url{https://github.com/bg-omar/VAM/releases}},
}

@misc{iskandarani2025swirlgravity,
    author    = {Omar Iskandarani},
    title     = {Swirl Clocks and Vorticity-Induced Gravity},
    year      = {2025},
    doi       = {10.5281/zenodo.15566335},
    howpublished = {\url{https://doi.org/10.5281/zenodo.15566335}},
    note      = {Independent Researcher, Groningen, The Netherlands. Licensed under CC-BY 4.0},
    orcid        = {0009-0006-1686-3961},
    journal      = {(In preparation)},
}

@misc{iskandarani2025tijddilatatie,
    author       = {Omar Iskandarani},
    title        = {Tijddilatatie in het 3D Superfluïde Æther Model: Topologische wervels als oorsprong van massa, tijd en zwaartekracht},
    year         = {2025},
    note         = {Onafhankelijk onderzoeker, Groningen, Nederland},
    howpublished = {\url{https://github.com/bg-omar/VAM/releases}},
    url          = {https://github.com/bg-omar/VAM/releases},
    doi          = {10.5281/zenodo.15669794},
    keywords     = {æther, tijddilatatie, wervelklokken, superfluïde, absolute tijd, topologische massa, Bernoulli-stroming, GR-analogie},
    orcid        = {0009-0006-1686-3961},
    journal      = {(In preparation)},
}

@misc{iskandarani2025timedilation,
    author       = {Omar Iskandarani},
    title        = {Time Dilation in the 3D Superfluid Æther Model: Topological Vortices as the Source of Mass, Time, and Gravity},
    year         = {2025},
    note         = {Preprint},
    howpublished = {\url{https://github.com/bg-omar/VAM/releases}},
    url          = {https://github.com/bg-omar/VAM/releases},
    keywords     = {æther, time dilation, vortex clocks, superfluid, absolute time, topological mass, Bernoulli flow, GR analogy},
    orcid        = {0009-0006-1686-3961},
    journal      = {(In preparation)},
    doi          = {10.5281/zenodo.15669794}
}

@article{iskandarani2025unified,
    author       = {Omar Iskandarani},
    title        = {Wervelingsklokken en door vorticiteit geınduceerde zwaartekracht: Relativiteit herformuleren in een gestructureerde vortex-ether},
    year         = {2025},
    note         = {Derived constants and vortex analogues of physical laws},
    url          = {https://example.com/vam-unified},
    doi          = {10.5281/zenodo.15669794},
    orcid        = {0009-0006-1686-3961},
    journal      = {(In preparation)},
}

@misc{Iskandarani2025VAM,
    author       = {Omar Iskandarani},
    title        = {Swirl Clocks and Vorticity-Induced Gravity: Reformulating Relativity in a Structured Vortex Æther},
    year         = {2025},
    howpublished = {\url{https://doi.org/10.5281/zenodo.15566335}},
    url          = {https://github.com/bg-omar/VAM/releases},
    keywords     = {vorticity, vortex knot, æther, time dilation, gravitational analogs, superfluid gravity, LENR, topological mass},
    orcid        = {0009-0006-1686-3961},
    journal      = {(In preparation)},
    doi          = {10.5281/zenodo.15566335},
    note         = {Part II of the VAM series. GitHub: \url{https://github.com/bg-omar/VAM/releases}},
}

@article{iskandarani2025vam,
    author       = {Omar Iskandarani},
    title        = {The Vortex Æther Model: Æther Vortex Field Model},
    journal      = {Independent Research},
    year         = {2025},
    note         = {Dated April 2, 2025},
    url          = {https://example.com/vam-2025}
}

@article{iskandarani2025VAM,
    author       = {Omar Iskandarani},
    title        = {The Vortex Æther Model: Æther Vortex Field Model},
    journal      = {Independent Research},
    year         = {2025},
    note         = {Dated April 2, 2025},
    url          = {https://example.com/vam-2025}
}

@article{iskandarani2025vam1,
    author       = {Omar Iskandarani},
    title        = {Time Dilation in a 3D Superfluid Æther Model},
    year         = {2025},
    note         = {Preprint},
    keywords     = {vorticity, vortex knot, æther, time dilation, gravitational analogs, superfluid gravity, LENR, topological mass},
    howpublished = {\url{https://doi.org/10.5281/zenodo.15669794}},
    url          = {https://github.com/bg-omar/VAM/releases},
    doi          = {10.5281/zenodo.15669794},
    orcid        = {0009-0006-1686-3961},
    journal      = {(In preparation)},
}

@misc{iskandarani2025vam2,
    author       = {Omar Iskandarani},
    title        = {Swirl Clocks and Vorticity-Induced Gravity: Reformulating Relativity in a Structured Vortex Æther},
    year         = {2025},
    note         = {Preprint},
    howpublished = {\url{https://doi.org/10.5281/zenodo.15566335}},
    url          = {https://github.com/bg-omar/VAM/releases},
    keywords     = {vorticity, vortex knot, æther, time dilation, gravitational analogs, superfluid gravity, LENR, topological mass},
    doi          = {10.5281/zenodo.15566335},
    orcid        = {0009-0006-1686-3961},
    journal      = {(In preparation)},
}

@misc{iskandarani2025VAM3,
    author       = {Omar Iskandarani},
    title        = {Benchmarking the Vortex Æther Model Against General Relativity},
    year         = {2025},
    note         = {Preprint},
    keywords     = {vorticity, vortex knot, æther, time dilation, gravitational analogs, superfluid gravity, LENR, topological mass},
    howpublished = {\url{https://doi.org/10.5281/zenodo.15665432}},
    url          = {https://github.com/bg-omar/VAM/releases},
    doi          = {10.5281/zenodo.15665432},
    orcid        = {0009-0006-1686-3961},
    journal      = {(In preparation)},
}


@misc{iskandarani2025vam4,
    author       = {Iskandarani, Omar},
    title        = {Knotted Gauge Fields: Rebuilding the Standard Model from Vortex Æther Dynamics},
    year         = {2025},
    publisher    = {Independent Research},
    note         = {Preprint},
    howpublished = {\url{https://doi.org/10.5281/zenodo.15772832}},
    url          = {https://github.com/bg-omar/VAM/releases},
    doi          = {10.5281/zenodo.15772832},
    orcid        = {0009-0006-1686-3961},
    journal      = {(In preparation)},
}

@misc{iskandarani2025vam-master,
    author       = {Omar Iskandarani},
    title        = {The Vortex Æther Model: A Unified Topological Field Theory of Mass, Gravity, and Time},
    year         = {2025},
    keywords     = {vorticity, vortex knot, æther, time dilation, gravitational analogs, superfluid gravity, LENR, topological mass},
    howpublished = {\url{https://doi.org/10.5281/zenodo.15848010}},
    url          = {https://github.com/bg-omar/VAM/releases},
    doi          = {10.5281/zenodo.15848010},
    orcid        = {0009-0006-1686-3961},
    journal      = {(In preparation)},
    note         = {Preprint}
}

@misc{iskandarani2025vamEM,
    author       = {Omar Iskandarani},
    title        = {On a Vortex-Based Lagrangian Unification of Gravity and Electromagnetism},
    year         = {2025},
    keywords     = {vorticity, vortex knot, æther, time dilation, gravitational analogs, superfluid gravity, LENR, topological mass},
    howpublished = {\url{https://doi.org/10.5281/zenodo.15772857}},
    url          = {https://github.com/bg-omar/VAM/releases},
    doi          = {10.5281/zenodo.15772857},
    orcid        = {0009-0006-1686-3961},
    journal      = {(In preparation)},
    note         = {Preprint}
}



@article{Iskandarani2025b,
  author       = {Omar Iskandarani},
  title        = {Time Dilation in a 3D Superfluid Æther Model},
  journal      = {VAM-1},
  year         = {2025},
  month        = {July},
  url          = {https://doi.org/10.5281/zenodo.15669795},
  note         = {DOI: 10.5281/zenodo.15669795}
}

@article{Iskandarani2025c,
  author       = {Omar Iskandarani},
  title        = {Swirl Clocks and Vorticity-Induced Gravity},
  journal      = {VAM-2},
  year         = {2025},
  month        = {July},
  url          = {https://doi.org/10.5281/zenodo.15566336},
  note         = {DOI: 10.5281/zenodo.15566336}
}

@article{BilsonThompson2006,
  author  = {Sundance O. Bilson-Thompson},
  title   = {A Topological Model of Composite Preons},
  journal = {Foundations of Physics},
  volume  = {37},
  number  = {1},
  pages   = {69--89},
  year    = {2007},
  note    = {Preprint: arXiv:hep-ph/0503213},
  doi     = {10.1007/s10701-007-9101-1},
  url     = {https://arxiv.org/abs/hep-ph/0503213}
}

@article{Avrin2012,
  author  = {W. Avrin},
  title   = {Toward a Topological Foundation of Quantum Theory},
  journal = {International Journal of Theoretical Physics},
  volume  = {51},
  pages   = {3245--3255},
  year    = {2012},
  doi     = {10.1007/s10773-012-1213-7},
  url     = {https://doi.org/10.1007/s10773-012-1213-7}
}

@book{Krafft1940,
  author    = {Fritz Krafft},
  title     = {Die Lehre vom Äther: Eine historisch-kritische Darstellung der Äthertheorien vom XVI. bis zum XX. Jahrhundert},
  publisher = {Verlag Hermann Beyer \& Söhne},
  address   = {Langensalza},
  year      = {1940},
  note      = {In German. Historical treatise on æther theories from 16th to 20th century}
}




@misc{Petersen2023,
  author       = {Kathleen L. Petersen and Anastasiia Tsvietkova},
  title        = {Geometric structures and PSL\_2($\mathbb{C}$) representations of knot groups from knot diagrams},
  howpublished = {\url{https://arxiv.org/abs/2505.11779}},
  note         = {arXiv:2505.11779},
  year         = {2023},
  month        = {May}
}

@article{Iskandarani2025f,
  author       = {Omar Iskandarani},
  title        = {Knotted gauge fields: rebuilding the Standard Model from vortex æther dynamics},
  journal      = {VAM-6},
  year         = {2025},
  month        = {July},
  url          = {https://doi.org/10.5281/zenodo.15772833},
  note         = {DOI: 10.5281/zenodo.15772833}
}

@article{iskandarani2025vam5,
  title = {Topological Reformulation of the Standard Model via Vortex Æther Dynamics},
  author = {Iskandarani, Omar},
  year = {2025},
    journal      = {(In preparation)},
  doi = {10.5281/zenodo.15848010}
}

@article{Iskandarani2025VAMLagrangian,
    author       = {Iskandarani, Omar},
    title        = {Knotted Gauge Fields: Rebuilding the Standard Model from Vortex Æther Dynamics},
    year         = {2025},
    publisher    = {Independent Research},
    note         = {Preprint},
    howpublished = {\url{https://github.com/bg-omar/VAM/releases}},
    url          = {https://github.com/bg-omar/VAM/releases},
    orcid        = {0009-0006-1686-3961},
    journal      = {(In preparation)},
    doi          = {10.5281/zenodo.15772832},
}


@misc{iskandarani2025wervelklokken,
    author       = {Omar Iskandarani},
    title        = {Wervelklokken en door vorticiteit geïnduceerde zwaartekracht: Relativiteit herformuleren in een gestructureerde vortex-æther},
    year         = {2025},
    month        = may,
    note         = {Onafhankelijk onderzoeker, Groningen, Nederland},
    howpublished = {\url{https://github.com/bg-omar/VAM/releases}},
    url          = {https://github.com/bg-omar/VAM/releases},
    keywords     = {vorticiteit, vortexknoop, æther, tijddilatatie, zwaartekrachtanalogen, superfluïde zwaartekracht, LENR, topologische massa},
    orcid        = {0009-0006-1686-3961},
    journal      = {(In preparation)},
}

@article{iskandarani_vortex_2025,
    author    = {Omar Iskandarani},
    title     = {The Vortex Æther Model: A Unified Vorticity Framework for Gravity, Electromagnetism, and Quantum Phenomena},
    orcid     = {0009-0006-1686-3961},
    journal   = {(In preparation)},
    year      = {2025},
    pages     = {45-78},
}



@article{Levy2009-æther-clock,
    author    = {L{\'e}vy, Jacques},
    title     = {Æther theory of gravitation: Clock retardation versus special relativity time dilation},
    journal   = {Physics Essays},
    volume    = {22},
    number    = {1},
    pages     = {14-20},
    year      = {2009},
    note      = {arXiv:physics/0611077}
}

@book{maxwell1878britannica,
    author = {James Clerk Maxwell},
    title = {Æther},
    booktitle = {Encyclopædia Britannica, 9th ed.},
    year = {1878},
    publisher = {A. & C. Black},
    url = {https://en.wikisource.org/wiki/Encyclopædia_Britannica,_Ninth_Edition/Æther}
}

@article{Perez2018,
    author = {Israel Pérez},
    title = {The physics surrounding the Michelson-Morley experiment and a new æther theory},
    journal = {Physics Reports},
    year = {2018},
    note = {Preprint},
    url = {https://arxiv.org/abs/1004.0716}
}

@article{Rado2020-æther-Lorentz,
    author    = {Rado, Gy{\"o}rgy and Ginca, Ionel and {Di{\'o}si}, Lor{\'a}nd and {Van der Merwe}, Alwyn},
    title     = {The mass-energy equivalence and length contraction are consistent with a fluidic æther},
    journal   = {viXra preprint 2012.0153},
    year      = {2020},
    note      = {arXiv:2012.07395 [physics.gen-ph]}
}

@misc{ReichBlackSun,
    author    = {Reich, T. and BlackSun, D.},
    title     = {Vortex Field Coupling in Ætheric LENR Systems},
    year      = {2021},
    howpublished = {Preprint at vortex-field.net},
    note      = {Accessed 2025-06-10},
    url       = {https://www.vortex-field.net/reich2021.pdf}
}

@article{sbitnev2021quaternion,
    title={Quaternion algebra on 4d superfluid quantum space-time: can dark matter be a manifestation of the superfluid æther?},
    author={Sbitnev, Valeriy},
    journal={Universe},
    volume={7},
    number={2},
    pages={32},
    year={2021},
    doi={10.3390/universe7020032}
}

@misc{VAM2025,
    author       = {Omar Iskandarani},
    title        = {Swirl Clocks and Vorticity-Induced Gravity: Reformulating Relativity in a Structured Vortex Æther},
    year         = {2025},
    affiliate    = {Independent Researcher, Groningen, The Netherlands},
    howpublished = {\url{https://doi.org/10.5281/zenodo.15566335}},
    url          = {https://github.com/bg-omar/VAM/releases},
    keywords     = {vorticity, vortex knot, æther, time dilation, gravitational analogs, superfluid gravity, LENR, topological mass},
    orcid        = {0009-0006-1686-3961},
    journal      = {(In preparation)},
    doi          = {10.5281/zenodo.15566335},
    note         = {Part II of the VAM series. GitHub: \url{https://github.com/bg-omar/VAM/releases}},
}

@misc{vam2025-Ce,
  author       = {Iskandarani, Omar},
  title        = {Vortex Tangential Velocity $C_e$},
  year         = {2025},
  howpublished = {\textit{Vortex Æther Model: Core Postulates}},
  note         = {Postulated as the limiting rotational speed at the boundary of a vortex core.}
}

@unpublished{vam2025field,
    author = {Iskandarani, Omar},
    title = {Field Quantization and Time Evolution in a Structured Æther},
    note = {Private research notes, draft under development},
    year = {2025}
}
@misc{einstein1920aether,
  author       = {Albert Einstein},
  title        = {Ether and the Theory of Relativity},
  year         = {1920},
  note         = {Lecture at the University of Leiden},
  url          = {https://en.wikisource.org/wiki/Ether_and_the_Theory_of_Relativity}
}


@unpublished{vam2025unified,
    author       = {Omar Iskandarani},
    title        = {Swirl Clocks and Vorticity-Induced Gravity: Reformulating Relativity in a Structured Vortex Æther},
    year         = {2025},
    note         = {Preprint},
    howpublished = {\url{https://doi.org/10.5281/zenodo.15566335}},
    url          = {https://github.com/bg-omar/VAM/releases},
    keywords     = {vorticity, vortex knot, æther, time dilation, gravitational analogs, superfluid gravity, LENR, topological mass},
    orcid        = {0009-0006-1686-3961},
    journal      = {(In preparation)},
    doi          = {10.5281/zenodo.15566335},
}

@misc{VAM3,
    author       = {Omar Iskandarani},
    title        = {Benchmarking the Vortex Æther Model vs General Relativity},
    year         = {2025},
    note         = {Preprint},
    howpublished = {\url{https://github.com/bg-omar/VAM/releases}},
    url          = {https://github.com/bg-omar/VAM/releases},
    keywords     = {vorticity, vortex knot, æther, time dilation, gravitational analogs, superfluid gravity, LENR, topological mass},
    orcid        = {0009-0006-1686-3961},
    journal      = {(In preparation)},
}

@article{VAM4,
    author = {Iskandarani, Omar},
    title = {A Topological Reformulation of the Standard Model via Vortex Æther Dynamics},
    year = {2025},
    publisher = {Independent Research},
    note         = {Preprint},
    howpublished = {\url{https://github.com/bg-omar/VAM/releases}},
    url          = {https://github.com/bg-omar/VAM/releases},
    doi = {10.5281/zenodo.15772832},
    orcid        = {0009-0006-1686-3961},
    journal      = {(In preparation)},
}

@article{vam_benchmark2025,
    author       = {Omar Iskandarani},
    title        = {Benchmarking the Vortex Æther Model Against General Relativity},
    year         = {2025},
    keywords     = {vorticity, vortex knot, æther, time dilation, gravitational analogs, superfluid gravity, LENR, topological mass},
    howpublished = {\url{https://doi.org/10.5281/zenodo.15665432}},
    url          = {https://github.com/bg-omar/VAM/releases},
    doi          = {10.5281/zenodo.15665432},
    orcid        = {0009-0006-1686-3961},
    journal      = {(In preparation)},
    note         = {Preprint referenced with author permission}
}

@misc{vam_notes2025,
    author       = {Omar Iskandarani},
    title        = {VAM Technical Notes: Superluminal Wave Estimates and Nuclear Resonance Predictions},
    year         = {2025},
    howpublished = {Personal Research Notes},
    note         = {Includes derived estimates for $v_\text{wave}$, vortex energy, and vortex-induced LENR scenarios}
}

@misc{vamalpha,
    author = {Omar Iskandarani},
    title = {VAM Fine-Structure Constant Derivation},
    year = {2025},
    note = {Internal documentation}
}

@misc{vamcore,
    author = {Omar Iskandarani},
    title = {The Vortex Æther Model: Core Papers and Appendices},
    year = {2025},
    note = {Internal documentation}
}

@misc{vamderive2024,
    author = {Æther Dynamics Project},
    title  = {Derived VAM Vortex Shell Equations},
    year   = {2024},
    note   = {Internal Notes}
}

@misc{vamfit,
    author = {Omar Iskandarani},
    title = {VAM Mass Formula Fitting and Topological Coupling},
    year = {2025},
    note = {Internal documentation}
}

@misc{vamthrustfit2025,
    author = {Æther Dynamics Lab},
    title  = {Thrust vs Voltage Fit Using VAM Model and Experimental Data},
    year   = {2025},
    note   = {Unpublished Manuscript}
}

@misc{vamunits,
    author = {Omar Iskandarani},
    title = {VAM Dimensional Analysis and Units},
    year = {2025},
    note = {Internal documentation}
}

@article{winterberg1990maxwell,
    title={Maxwell's equations and Einstein-gravity in the Planck æther model of a unified field theory},
    author={Winterberg, F.},
    journal={Zeitschrift für Naturforschung A},
    volume={45},
    number={9},
    pages={1008--1012},
    year={1990},
    doi={10.1515/zna-1990-9-1008},
    url={https://www.degruyter.com/document/doi/10.1515/zna-1990-9-1008/html}
}

@article{Winterberg2002-PlanckÆther,
    author    = {Winterberg, Friedwardt},
    title     = {Maxwell’s Æther, the Planck Æther hypothesis, and Sommerfeld’s Fine Structure Constant},
    journal   = {Z. Naturforsch. A},
    volume    = {57},
    number    = {202-204},
    year      = {2002}
}

@misc{znidarsic2012control,
  title = {The Control of the Natural Forces},
  author = {Frank Znidarsic},
  year = {2012},
  note = {Introduced the $C_e$ scale, reinterpreted geometrically in VAM}
}

@article{abbott2016,
    author = {Abbott, B.P. and Abbott, R. and Abbott, T.D. and others (LIGO Scientific Collaboration and Virgo Collaboration)},
    title = {Observation of Gravitational Waves from a Binary Black Hole Merger},
    journal = {Physical Review Letters},
    volume = {116},
    number = {6},
    pages = {061102},
    year = {2016},
    doi = {10.1103/PhysRevLett.116.061102}
}

@article{abbott2016observation,
    title={Observation of gravitational waves from a binary black hole merger},
    author={Abbott, B. P. and others (LIGO Scientific Collaboration and Virgo Collaboration)},
    journal={Physical Review Letters},
    volume={116},
    number={6},
    pages={061102},
    year={2016},
    doi={10.1103/PhysRevLett.116.061102}
}

@article{abe2023,
    author = {Sumiyoshi Abe and Shinji Okuyama},
    title = {Similarity Between Quantum Mechanics and Thermodynamics},
    journal = {Inspire Institute Inc.},
    year = {2023}
}

@article{adelberger2003tests,
    title={Tests of the gravitational inverse-square law below the dark-energy length scale},
    author={Adelberger, E.G. and Heckel, B.R. and Nelson, A.E.},
    journal={Annual Review of Nuclear and Particle Science},
    volume={53},
    pages={77--121},
    year={2003},
    doi={10.1146/annurev.nucl.53.041002.110503}
}

@article{alcubierre1994warp,
    author = {Alcubierre, Miguel},
    title = {The Warp Drive: Hyper-fast travel within general relativity},
    journal = {Classical and Quantum Gravity},
    volume = {11},
    pages = {L73--L77},
    year = {1994},
    doi = {10.1088/0264-9381/11/5/001}
}

@article{anderson_quantized_1966,
    author = {Anderson, P. W.},
    title = {Considerations on the Flow of Superfluid Helium},
    journal = {Reviews of Modern Physics},
    volume = {38},
    pages = {298},
    year = {1966},
    doi = {10.1103/RevModPhys.38.298}
}

@article{andreuangulo2020,
    author  = {I. Andreu-Angulo and C. Manzo and B. Basu and H. Babinsky},
    title   = {On unsteady aerodynamic effect of strong wind gusts on small-scale rotor systems},
    journal = {AIAA Journal},
    volume  = {58},
    year    = {2020},
    pages   = {5041--5056},
    doi     = {10.2514/1.J059179}
}

@book{Arnold1998,
  author = {Arnold, V. I. and Khesin, B. A.},
  title = {Topological Methods in Hydrodynamics},
  publisher = {Springer},
  year = {1998},
  series = {Applied Mathematical Sciences},
  volume = {125},
  doi = {10.1007/978-1-4612-0633-8}
}

@book{arnold1998topological,
    author = {V.I. Arnold and B.A. Khesin},
    title = {Topological Methods in Hydrodynamics},
    year = {1998},
    publisher = {Springer},
    doi = {10.1007/978-1-4612-0645-3}
}

@book{arnold1999topological,
    title={Topological Methods in Hydrodynamics},
    author={Arnold, Vladimir I and Khesin, Boris A},
    year={1999},
    publisher={Springer Science \& Business Media}
}

@article{arrayas2017knots,
  title        = {Knots in Electromagnetism},
  author       = {Array{\'a}s, Manuel and Bouwmeester, Dirk and Trueba, Jos{\'e} L.},
  journal      = {Physics Reports},
  volume       = {667},
  pages        = {1--61},
  year         = {2017},
  doi          = {10.1016/j.physrep.2016.11.001}
}


@article{ashby2003relativity,
    title={Relativity and the Global Positioning System},
    author={Ashby, Neil},
    journal={Physics Today},
    volume={55},
    number={5},
    pages={41--47},
    year={2003},
    doi={10.1063/1.1485583}
}

@article{babaev2002knotted,
    author = {E. Babaev and L. D. Faddeev and A. J. Niemi},
    title = {Hidden symmetry and knot solitons in a charged two-condensate Bose system},
    journal = {Physical Review B},
    year = {2002},
    volume = {65},
    number = {10},
    pages = {100512},
    doi = {10.1103/PhysRevB.65.100512}
}

@article{babinskystevens2016,
    author  = {H. Babinsky and R. Stevens},
    title   = {Low-order modeling approaches for unsteady aero flows},
    journal = {Experiments in Fluids},
    volume  = {57},
    year    = {2016},
    pages   = {71--85},
    doi     = {10.1007/s00348-016-2168-2}
}

@article{barcelo2005,
    author  = {Barceló, Carlos and Liberati, Stefano and Visser, Matt},
    title   = {Analogue Gravity},
    journal = {Living Reviews in Relativity},
    volume  = {8},
    number  = {12},
    year    = {2005},
    doi     = {10.12942/lrr-2005-12}
}

@article{barcelo2005analogue,
    title={Analogue gravity},
    author={Barcel{\'o}, Carlos and Liberati, Stefano and Visser, Matt},
    journal={Living Reviews in Relativity},
    volume={8},
    number={1},
    pages={12},
    year={2005},
    publisher={Springer},
    doi={10.12942/lrr-2005-12}
}

@article{Barcelo2005AnalogueGravityReview,
    title = {Analogue Gravity},
    author = {Barceló, Carlos and Liberati, Stefano and Visser, Matt},
    journal = {Living Reviews in Relativity},
    volume = {8},
    number = {1},
    year = {2005},
    pages = {12},
    doi = {10.12942/lrr-2005-12},
    url = {https://doi.org/10.12942/lrr-2005-12},
    note = {A comprehensive review of analog models of gravity, including superfluid systems}
}

@article{barcelo2011,
    author = {Barceló, Carlos and Liberati, Stefano and Visser, Matt},
    title = {Analogue Gravity},
    journal = {Living Reviews in Relativity},
    volume = {14},
    pages = {3},
    year = {2011},
    doi = {10.12942/lrr-2011-3}
}

@article{barcelo2011analogue,
    title={Analogue gravity},
    author={Barcel{\'o}, Carlos and Liberati, Stefano and Visser, Matt},
    journal={Living Reviews in Relativity},
    volume={14},
    number={3},
    year={2011},
    publisher={Springer},
    doi={10.12942/lrr-2011-3}
}

@article{barcelo_superfluid,
    author = {C. Barceló and S. Liberati and M. Visser},
    title = {Analogue Gravity},
    journal = {Living Reviews in Relativity},
    year = {2005},
    volume = {8},
    pages = {12},
    doi = {10.12942/lrr-2005-12}
}

@article{barenghi2014,
    author = {Carlo F. Barenghi and Ladislav Skrbek},
    title = {Introduction to Quantum Turbulence},
    journal = {Proceedings of the National Academy of Sciences},
    volume = {111},
    number = {suppl. 1},
    pages = {4647-4652},
    year = {2014},
    doi = {10.1073/pnas.1312549111}
}

@article{bartlett1986,
    author  = {D. F. Bartlett and D. van Buren},
    title   = {Equivalence of inertial and gravitational mass in Newtonian theory},
    journal = {Physical Review Letters},
    volume  = {57},
    pages   = {21--24},
    year    = {1986},
    doi     = {10.1103/PhysRevLett.57.21}
}

@book{batchelor1953,
    author    = {G. K. Batchelor},
    title     = {The Theory of Homogeneous Turbulence},
    publisher = {Cambridge University Press},
    year      = {1953},
    doi       = {10.1017/CBO9780511895080}
}

@book{batchelor1967introduction,
  title={An Introduction to Fluid Dynamics},
  author={Batchelor, G.K.},
  year={1967},
  publisher={Cambridge University Press}
}

@book{batchelor2000,
    author    = {G. K. Batchelor},
    title     = {An Introduction to Fluid Dynamics},
    publisher = {Cambridge University Press},
    year      = {2000}
}

@book{batchelor2000introduction,
  title={An Introduction to Fluid Dynamics},
  author={Batchelor, G.K.},
  year={2000},
  publisher={Cambridge University Press}
}

@article{battesti2013qed,
  title={Magnetic and electric properties of quantum vacuum},
  author={Battesti, R. and Rizzo, C.},
  journal={Reports on Progress in Physics},
  volume={76},
  number={1},
  pages={016401},
  year={2013}
}

@article{battesti2013search,
  author       = {R. Battesti and C. Rizzo},
  title        = {Magnetic and Electric Properties of Quantum Vacuum},
  journal      = {Reports on Progress in Physics},
  volume       = {76},
  number       = {1},
  pages        = {016401},
  year         = {2013},
  doi          = {10.1088/0034-4885/76/1/016401}
}

@article{Battye1998,
    author = {Battye, R. A. and Sutcliffe, P. M.},
    title = {Knots as Stable Soliton Solutions in a Three-Dimensional Classical Field Theory},
    journal = {Physical Review Letters},
    volume = {81},
    number = {23},
    pages = {4798--4801},
    year = {1998},
    doi = {10.1103/PhysRevLett.81.4798}
}

@article{baumann2023black,
    title={Black hole binaries and light fields: gravitational molecules},
    author={Baumann, Daniel and Green, Daniel and Porto, Rafael A and Zeng, Zixian},
    journal={Physical Review D},
    volume={107},
    number={10},
    pages={104051},
    year={2023},
    publisher={APS},
    doi={10.1103/PhysRevD.107.104051}
}

@article{behar2000,
    author    = {E. Behar and others},
    title     = {High-resolution spectroscopy of NGC1068},
    journal   = {Astrophysical Journal},
    year      = {2000}
}


@article{belik2023,
    author = {Pavel Bělík and Douglas P. Dokken and Mikhail M. Shvartsman and Eric Bibelnieks and Robert Laskowski and Alek Lukanen},
    title = {Equilibrium Energy and Entropy of Vortex Filaments in the Context of Tornadogenesis and Tornadic Flows},
    journal = {Open Journal of Fluid Dynamics},
    volume = {13},
    year = {2023},
    pages = {144-176},
    doi = {10.4236/ojfd.2023.133012}
}

@article{belik2023equilibrium,
    author = {Pavel Bělík and others},
    title = {Equilibrium Energy and Entropy of Vortex Filaments in the Context of Tornadogenesis and Tornadic Flows},
    journal = {Open Journal of Fluid Dynamics},
    volume = {13},
    number = {3},
    year = {2023},
    pages = {144-176},
    doi = {10.4236/ojfd.2023.133012}
}

@book{bethe_qmech,
    author = {H. Bethe},
    title = {Quantum Mechanics of One- and Two-Electron Atoms},
    year = {1957},
    publisher = {Springer}
}

@article{bewley2006,
    author = {Bewley, G. P. and Paoletti, M. S. and Sreenivasan, K. R. and Lathrop, D. P.},
    title = {Superfluid helium: Visualization of quantized vortices},
    journal = {Nature},
    volume = {441},
    number = {7093},
    pages = {588},
    year = {2006},
    doi = {10.1038/441588a}
}

@article{bewley2008,
    author  = {G. P. Bewley and M. S. Paoletti and K. R. Sreenivasan and D. P. Lathrop},
    title   = {Characterization of reconnecting quantized vortices in superfluid helium},
    journal = {Proceedings of the National Academy of Sciences},
    volume  = {105},
    number  = {37},
    pages   = {13707--13710},
    year    = {2008},
    doi     = {10.1073/pnas.0806002105}
}

@article{bohr_atom,
    author = {N. Bohr},
    title = {On the Constitution of Atoms and Molecules},
    journal = {Philosophical Magazine},
    year = {1913},
    volume = {26},
    pages = {1-25}
}

@article{Bonnor1965,
    author = {W. B. Bonnor},
    title = {Negative Mass in General Relativity},
    journal = {Reviews of Modern Physics},
    volume = {37},
    pages = {135--139},
    year = {1965}
}

@article{bose1924planck,
    author = {S N Bose},
    title = {Planck's Law and the Hypothesis of Light Quanta},
    journal = {Zeitschrift für Physik},
    volume = {26},
    number = {1},
    year = {1924},
    pages = {178-181},
    doi = {10.1007/BF01327326}
}

@article{Bouchendira2011,
    author = {Bouchendira, R. and Cladé, P. and Guellati-Khélifa, S. and Nez, F. and Biraben, F.},
    title = {New Determination of the Fine Structure Constant and Test of the Quantum Electrodynamics},
    journal = {Physical Review Letters},
    volume = {106},
    number = {8},
    pages = {080801},
    year = {2011},
    doi = {10.1103/PhysRevLett.106.080801}
}

@article{bowick1994charge,
    title={The topology of gauge fields and the origin of electric charge},
    author={Bowick, Mark J and Chandar, L and Schwarz, Albert},
    journal={Nuclear Physics B},
    volume={437},
    number={2-3},
    pages={491--508},
    year={1995},
    doi={10.1016/0550-3213(94)00480-6}
}

@article{buhl2005,
    author = {Oliver Bühl and Michael E. McIntyre},
    title = {Wave capture and wave--vortex duality},
    journal = {Journal of Fluid Mechanics},
    volume = {534},
    pages = {67-95},
    year = {2005},
    doi = {10.1017/S0022112005004374}
}

@article{buhler2005wave,
    title={Wave capture and wave–vortex duality},
    author={B{\"u}hler, Oliver and McIntyre, Michael E.},
    journal={Journal of Fluid Mechanics},
    volume={534},
    pages={67--95},
    year={2005},
    publisher={Cambridge University Press}
}

@article{Cahill2005,
    author    = {Reginald T. Cahill},
    title     = {Vorticity in Gravitomagnetism},
    journal   = {Progress in Physics},
    volume    = {3},
    pages     = {30-42},
    year      = {2005}
}

@article{cahill2005,
    author = {Reginald T. Cahill},
    title = {Novel Gravity Probe B Frame-Dragging Effect, Vorticity in Gravitomagnetism},
    journal = {Progress in Physics},
    year = {2005},
    volume = {3},
    pages = {27-42}
}

@article{cahill2005gravity,
    author = {Reginald T Cahill},
    title = {Novel Gravity Probe B Frame-Dragging Effect},
    journal = {Progress in Physics},
    year = {2005}
}

@article{cahill2005novel,
    title={Novel Gravity Probe B Frame-Dragging Effect},
    author={Cahill, Reginald T.},
    journal={Progress in Physics},
    year={2005}
}

@article{Calvo2022,
    author = {Eduardo M. Calvo and Mario J. Pinheiro and Paulo A. Sá},
    title = {Modeling of Electrohydrodynamic (EHD) Plasma Thrusters: Optimization of Physical and Geometrical Parameters},
    journal = {Applied Sciences},
    year = {2022},
    volume = {12},
    number = {3},
    pages = {1637},
    doi = {10.3390/app12031637}
}

@article{capozziello2015no,
    title={No need for dark matter in galaxy clusters within modified gravity},
    author={Capozziello, Salvatore and De Laurentis, Maria and Luongo, Orlando and Paolella, Mariacristina},
    journal={Physical Review D},
    volume={92},
    number={12},
    pages={124037},
    year={2015},
    doi={10.1103/PhysRevD.92.124037}
}

@article{casimir1948,
    author = {H. B. G. Casimir},
    title = {On the Attraction Between Two Perfectly Conducting Plates},
    journal = {Proceedings of the Koninklijke Nederlandse Akademie van Wetenschappen},
    year = {1948},
    volume = {51},
    pages = {793-795}
}

@article{cerretelli2003,
    author    = {C. Cerretelli and C. H. K. Williamson},
    title     = {The physics and scaling of vortex merging},
    journal   = {Journal of Fluid Mechanics},
    volume    = {475},
    pages     = {41--77},
    year      = {2003}
}

@article{Chen2017PdNiSAW,
    title     = {Pd-Ni thin film-based hydrogen gas sensors using surface acoustic wave devices},
    author    = {Chen, Qi and Chen, Yujun and Zhang, Jianyong and Wang, Yaqi and Wang, Bo and Xu, Peng and Zhang, Dapeng},
    journal   = {Sensors and Actuators B: Chemical},
    volume    = {243},
    pages     = {940--947},
    year      = {2017},
    publisher = {Elsevier},
    doi       = {10.1016/j.snb.2016.12.042}
}

@article{christenson1964evidence,
  author       = {Christenson, J.\,H. and Cronin, J.\,W. and Fitch, V.\,L. and Turlay, R.},
  title        = {Evidence for the 2\(\pi\) Decay of the \(K_2^0\) Meson},
  journal      = {Physical Review Letters},
  volume       = {13},
  pages        = {138--140},
  year         = {1964},
  doi          = {10.1103/PhysRevLett.13.138}
}

@article{ciufolini2004confirmation,
    title={Confirmation of the frame-dragging effect with satellite laser ranging to LAGEOS and LAGEOS II},
    author={Ciufolini, Ignazio and Pavlis, Erricos C.},
    journal={Nature},
    volume={431},
    number={7011},
    pages={958--960},
    year={2004},
    doi={10.1038/nature03007}
}

@article{ciufolini2004lageos,
    title={Testing General Relativity and gravitational physics using the LAGEOS satellites},
    author={Ciufolini, Ignazio and Pavlis, Erricos C},
    journal={Nature},
    volume={431},
    number={7011},
    pages={958--960},
    year={2004},
    doi={10.1038/nature03007}
}

@book{clausius1865,
    author = {Rudolf Clausius},
    title = {The Mechanical Theory of Heat},
    year = {1865},
    publisher = {John van Voorst}
}

@article{clausius1865entropy,
    author = {Rudolf Clausius},
    title = {On the Mechanical Theory of Heat},
    journal = {Philosophical Magazine},
    year = {1865},
    volume = {30},
    pages = {1–21},
    note = {Introduced the concept of entropy},
    url = {https://archive.org/details/onmechanicaltheo00claurich}
}

@book{clausius1865mechanical,
    author = {Clausius, Rudolf},
    title = {The Mechanical Theory of Heat},
    year = {1865},
    publisher = {John Van Voorst}
}

@article{clausius1865mechanisch,
    author  = {Rudolf Clausius},
    title   = {Über verschiedene für die Anwendung bequeme Formen der Hauptgleichungen der mechanischen Wärmetheorie},
    journal = {Annalen der Physik},
    volume  = {201},
    number  = {7},
    pages   = {353--400},
    year    = {1865}
}

@article{Clausius1870,
    author = {Rudolf Clausius},
    title = {On the Mechanical Theory of Heat},
    journal = {Philosophical Magazine},
    volume = {40},
    pages = {122-127},
    year = {1870}
}

@misc{CODATA2018,
    author       = {Mohr, P.~and Taylor, B.~and Newell, D.},
    title        = {CODATA recommended values of the fundamental physical constants: 2018},
    howpublished = {NIST reference on constants},
    year         = {2019}
}

@misc{codata2022-alpha,
  author       = {{CODATA}},
  title        = {Fine Structure Constant $\alpha$},
  year         = {2022},
  howpublished = {CODATA 2022 Recommended Values},
  url          = {https://physics.nist.gov/cuu/Constants/}
}

@misc{codata2022-G,
  author       = {{CODATA}},
  title        = {Newtonian Constant of Gravitation $G$},
  year         = {2022},
  howpublished = {CODATA 2022 Recommended Values},
  url          = {https://physics.nist.gov/cuu/Constants/}
}

@article{colas2020ehd,
    author = {Colas, D. and Moreau, E.},
    title = {Electric Wind Produced by a Surface Dielectric Barrier Discharge Operating Over a Wide Frequency Range},
    journal = {Journal of Electrostatics},
    year = {2020},
    volume = {108},
    pages = {103514},
    doi = {10.1016/j.elstat.2020.103514}
}

@article{collected_helicity_papers,
    author = {Dustin Kleckner and William T M Irvine},
    title = {How superfluid vortex knots untie},
    journal = {Nature Physics},
    year = {2016},
    volume = {12},
    pages = {650-654}
}

@article{cottam2002gravitational,
    title={Gravitational redshift of the neutron star in EXO 0748--676},
    author={Cottam, J. and Paerels, F. and Mendez, M.},
    journal={Nature},
    volume={420},
    pages={51--54},
    year={2002},
    doi={10.1038/nature01159}
}

@article{cplear1998tviolation,
  author       = {Alvarez‑Gaumé, L. and Kounnas, C. and Lola, S. and Pavlopoulos, P.},
  title        = {Violation of Time‑Reversal Invariance and CPLEAR Measurements},
  journal      = {arXiv preprint hep‑ph/9812326},
  year         = {1998},
  note         = {Based on CPLEAR experiment observations of direct T‑violation}
}

@article{CRB1970,
    author = {F. I. Cooperstock and N. Rosen and W. B. Bonnor},
    title = {On Spherically Symmetric Electron Models in General Relativity},
    journal = {Journal of Physics A},
    volume = {5},
    pages = {1--9},
    year = {1970}
}

@article{dalkiran2006,
    author    = {A. Y. Dalkiran and I. Yilmaz},
    title     = {Investigation of a fluid-filled optical ring in rotating frames},
    journal   = {Turkish Journal of Physics},
    year      = {2006},
    note      = {No DOI available}
}

@article{damour1991general,
    title={General relativistic celestial mechanics of binary systems. II. The post-Newtonian timing formula},
    author={Damour, Thibault and Deruelle, Nathalie},
    journal={Annales de l'I.H.P. Physique théorique},
    volume={44},
    number={3},
    pages={263--292},
    year={1986},
    url={http://www.numdam.org/item/AIHPA_1986__44_3_263_0}
}

@misc{davis2010_qccm,
    author       = {Davis, Lane},
    title        = {Quantum Cold-Case Mysteries Revisited},
    howpublished = {PDF manuscript},
    year         = {2010},
    url          = {https://www.scribd.com/document/45311034/QUANTUM-COLD-CASE-MYSTERIES-REVISITED-2},
    note         = {Based on the works and teachings of Frank Znidarsic},
}

@misc{davis2010_video,
    author       = {Davis, Lane},
    title        = {Quantum Cold-Case Mysteries Revisited},
    howpublished = {YouTube video},
    year         = {2010},
    note         = {Based on the works and teachings of Frank Znidarsic},
    url          = {https://www.youtube.com/watch?v=IjMOeDfsMXQ},
    urldate      = {2025-06-08}
}

@article{deBroglie1924-frequency,
    author  = {Louis de Broglie},
    title   = {Recherches sur la théorie des quanta},
    journal = {Ann. de Physique},
    volume  = {10},
    number  = {3},
    year    = {1925},
    pages   = {22--128},
    note    = {Thesis presented to the Faculty of Sciences of Paris, 1924}
}

@article{Dennis2020,
    author    = {Mark R. Dennis and Paul Sutcliffe},
    title     = {Optical vortex knots and links via holographic metasurfaces},
    journal   = {Journal of the Optical Society of America B},
    volume    = {37},
    number    = {11},
    year      = {2020},
    doi       = {10.1080/23746149.2020.1843535},
    url       = {https://doi.org/10.1080/23746149.2020.1843535}
}

@book{dirac1930quantum,
    author = {P A M Dirac},
    title = {The Principles of Quantum Mechanics},
    year = {1930},
    publisher={Oxford University Press}
}

@book{donnelly1991,
    author = {Donnelly, Russell J.},
    title = {Quantized Vortices in Helium II},
    publisher = {Cambridge University Press},
    year = {1991}
}

@book{donnelly1991quantized,
    title={Quantized Vortices in Helium II},
    author={Donnelly, R.J.},
    year={1991},
    publisher={Cambridge University Press}
}

@book{Donnelly1991QuantizedVortices,
    title={Quantized Vortices in Helium II},
    author={Donnelly, Russell J.},
    year={1991},
    publisher={Cambridge University Press},
    isbn={9780521361055}
}

@book{donnelly_quantized_1991,
    author = {Donnelly, Russell J.},
    title = {Quantized Vortices in Helium II},
    year = {1991},
    publisher = {Cambridge University Press},
    doi = {10.1017/CBO9780511564175}
}

@article{Drinfeld1987,
    author    = {V. G. Drinfeld},
    title     = {Quantum groups},
    journal   = {Proc. ICM, Berkeley},
    year      = {1987},
    pages     = {798-820}
}

@article{ehdmodeling2023,
    author  = {M. I. Kostin and others},
    title   = {Modeling of Electrohydrodynamic Plasma Thrusters},
    journal = {Journal of Propulsion and Power},
    volume  = {39},
    number  = {4},
    year    = {2023},
    pages   = {765--774},
    doi     = {10.2514/1.B12345}
}

@article{ehdpropeller2023,
    author  = {J. T. Lewis},
    title   = {Electrohydrodynamic Propeller for In-Atmosphere Propulsion: Rotational Device First Flight},
    journal = {AIAA Journal},
    volume  = {61},
    number  = {5},
    year    = {2023},
    pages   = {1503--1512},
    doi     = {10.2514/1.J061234}
}

@book{NISTDLMF,
    author    = {{NIST Digital Library of Mathematical Functions}},
    title     = {NIST Digital Library of Mathematical Functions},
    publisher = {Release 1.1.9 of 2023-03-15},
    note      = {\url{https://dlmf.nist.gov/}}
}

@article{ehdreview2023,
    author  = {M. Zito},
    title   = {Review on the History, Research, and Applications of Electrohydrodynamics},
    journal = {IEEE Transactions on Plasma Science},
    volume  = {42},
    number  = {3},
    year    = {2023},
    pages   = {358--372},
    doi     = {10.1109/TPS.2013.2297173}
}

@article{einstein1905,
    author    = {Albert Einstein},
    title     = {Zur Elektrodynamik bewegter Körper (On the Electrodynamics of Moving Bodies)},
    journal   = {Annalen der Physik},
    volume    = {17},
    number    = {10},
    pages     = {891--921},
    year      = {1905},
    doi       = {10.1002/andp.19053221004}
}

@article{einstein1905heuristic,
    author = {Albert Einstein},
    title = {On a Heuristic Point of View Concerning the Production and Transformation of Light},
    journal = {Annalen der Physik},
    volume = {17},
    year = {1905},
    pages = {132-148}
}

@article{einstein1905photoelectric,
    author = {Einstein, Albert},
    title = {On a Heuristic Point of View Concerning the Production and Transformation of Light},
    journal = {Annalen der Physik},
    year = {1905},
    volume = {17},
    number = {6},
    pages = {132-148}
}

@article{Einstein1915,
    author = {A. Einstein},
    title = {Die Feldgleichungen der Gravitation},
    journal = {Sitzungsberichte der Königlich Preußischen Akademie der Wissenschaften (Berlin)},
    year = {1915},
    pages = {844-847}
}

@article{einstein1915gr,
  author = {Einstein, Albert},
  title = {Die Feldgleichungen der Gravitation},
  journal = {Sitzungsberichte der Königlich Preußischen Akademie der Wissenschaften},
  year = {1915},
  pages = {844--847}
}

@article{einstein1916foundation,
    author = {Albert Einstein},
    title = {The Foundation of the General Theory of Relativity},
    journal = {Annalen der Physik},
    volume = {49},
    pages = {769-822},
    year = {1916}
}

@misc{einstein1920leiden,
    author       = {Albert Einstein},
    title        = {Ether and the Theory of Relativity},
    year         = {1920},
    note         = {Lecture at the University of Leiden},
    url          = {https://en.wikisource.org/wiki/Ether_and_the_Theory_of_Relativity}
}

@article{einstein1925quantum,
    author = {Albert Einstein},
    title = {Quantum Theory of Monatomic Ideal Gases},
    journal = {Sitzungsberichte der Preußischen Akademie der Wissenschaften Berlin},
    year = {1925},
    pages = {3-14}
}

@article{einstein_1905_4,
    author = {Einstein, A.},
    title = {Zur Elektrodynamik bewegter Körper},
    journal = {Annalen der Physik},
    year = {1905},
    volume = {17},
    pages = {891-921},
    doi = {10.1002/andp.19053221004},
    url = {http://dx.doi.org/10.1002/andp.19053221004}
}

@phdthesis{electricfluidsetup2023,
    author = {F. Sørensen},
    title  = {Design and Testing of a Laboratory Setup for EHD Studies},
    school = {Aalborg University},
    year   = {2023}
}

@article{endnote1,
    author = {Hermann von Helmholtz},
    title = {On Integrals of the Hydrodynamical Equations which Express Vortex-Motions},
    journal = {Philosophical Magazine},
    volume = {33},
    pages = {485-512},
    year = {1867}
}

@article{epple1999geometric,
    title={Geometric aspects in the development of knot theory},
    author={Epple, M.},
    year={1999},
    url={https://www.maths.ed.ac.uk/~v1ranick/papers/epple3.pdf}
}

@article{eubanks1997vla,
    title={VLA measurement of gravitational light bending at solar conjunction},
    author={Eubanks, T.M. and et al.},
    journal={In preparation},
    year={1997}
}

@article{everitt2011,
    title={Gravity Probe B: Final results of a space experiment to test general relativity},
    author={Everitt, C.W.F. and DeBra, D.B. and Parkinson, B.W. and others},
    journal={Physical Review Letters},
    volume={106},
    number={22},
    pages={221101},
    year={2011},
    doi={10.1103/PhysRevLett.106.221101}
}

@article{everitt2011gravity,
    title={Gravity Probe B: Final Results of a Space Experiment to Test General Relativity},
    author={Everitt, CW and et al.},
    journal={Physical Review Letters},
    volume={106},
    number={22},
    pages={221101},
    year={2011},
    doi={10.1103/PhysRevLett.106.221101}
}

@article{Faddeev1989,
    author    = {L. D. Faddeev, N. Yu. Reshetikhin, and L. A. Takhtajan},
    title     = {Quantization of Lie groups and Lie algebras},
    journal   = {Leningrad Mathematical Journal},
    volume    = {1},
    pages     = {193-225},
    year      = {1989}
}

@article{faddeev1997,
    author = {L. D. Faddeev and A. J. Niemi},
    title = {Stable Knot-Like Structures in Classical Field Theory},
    journal = {Nature},
    year = {1997},
    volume = {387},
    pages = {58-61},
    doi = {10.1038/387058a0}
}

@article{faddeev1997knots,
    title={Knots and particles},
    author={Faddeev, Ludvig and Niemi, Antti J},
    journal={Nature},
    volume={387},
    number={6628},
    pages={58--61},
    year={1997},
    publisher={Nature Publishing Group}
}

@article{faddeev1997stable,
    author    = {L. D. Faddeev and A. J. Niemi},
    title     = {Stable knot-like structures in classical field theory},
    journal   = {Nature},
    volume    = {387},
    pages     = {58--61},
    year      = {1997},
    doi       = {10.1038/387058a0}
}

@misc{fedi2017gravity,
    author = {M. Fedi},
    title = {Gravity from Vorticity},
    howpublished = {\url{https://hal.science/hal-01248015}},
    year = {2017},
    note = {HAL Archive}
}

@book{fetter1971nonuniform,
    title={Nonuniform states of an imperfect Bose gas},
    author={Fetter, Alexander L.},
    journal={Annals of Physics},
    volume={70},
    pages={67--101},
    year={1971},
    publisher={Elsevier}
}

@article{feynman1951quantum,
    author = {R.P. Feynman},
    title = {An Operator Calculus Having Applications in Quantum Electrodynamics},
    journal = {Physical Review},
    volume = {84},
    year = {1951},
    pages = {108-128}
}

@incollection{feynman1955progress,
    author = {Richard P Feynman},
    title = {Progress in Low Temperature Physics},
    booktitle = {Progress in Low Temperature Physics},
    editor = {C J Gorter},
    volume = {1},
    publisher = {North-Holland},
    year = {1955},
    pages = {17-53}
}

@book{feynman1964lectures,
    author = {Richard P Feynman},
    title = {The Feynman Lectures on Physics},
    year = {1964}
}

@book{feynman_qed,
    author = {R. Feynman},
    title = {QED: The Strange Theory of Light and Matter},
    year = {1985},
    publisher = {Princeton University Press}
}

@article{feynman_quantum_1955,
    author = {Feynman, Richard P.},
    title = {Chapter II. Application of Quantum Mechanics to Liquid Helium},
    journal = {Progress in Low Temperature Physics},
    volume = {1},
    pages = {17--53},
    year = {1955},
    publisher = {Elsevier}
}

@article{feynman_superfluid,
    author = {R. Feynman},
    title = {Application of Quantum Mechanics to Liquid Helium},
    journal = {Reviews of Modern Physics},
    year = {1955},
    volume = {27},
    pages = {205-213}
}

@article{finnegan2023,
    author = {Finnegan, Patrick and O'Neill, Mark and McCarthy, Conor and O'Sullivan, John},
    title = {Experimental Investigation of the Vortex-Core Tangential Velocity in a Swirling Flow},
    journal = {Applied Sciences},
    year = {2023},
    volume = {13},
    number = {4},
    pages = {2345},
    doi = {10.3390/app13042345}
}

@article{finn2020helicity,
    author = {J. M. Finn and T. M. Antonsen},
    title = {Helicity conservation and generalized electromagnetic fields},
    journal = {Physics of Plasmas},
    year = {2020},
    volume = {27},
    number = {2},
    pages = {022104},
    doi = {10.1063/1.5138594}
}

@mastersthesis{Fiorini2019,
    author = {Samuele Fiorini and Federico Sottovia},
    title = {Design and testing of a laboratory setup for EHD propulsion studies},
    school = {Politecnico di Milano},
    year = {2019},
    note = {Master Thesis}
}

@article{Floettmann2021,
    author    = {K. Floettmann and D. Karlovets},
    title     = {Quantum mechanical formulation of the Busch theorem},
    journal   = {arXiv preprint},
    year      = {2021},
    eprint    = {2103.10652},
    archivePrefix = {arXiv}
}

@misc{fortov2016,
    author    = {V. Fortov},
    title     = {High Energy Densities Outside of Compact Astrophysical Objects},
    booktitle = {Extreme States of Matter},
    publisher = {Springer},
    year      = {2016}
}

@article{Fylladitakis2014,
    author = {Emmanouil D. Fylladitakis and Michael P. Theodoridis and Antonios X. Moronis},
    title = {Review on the History, Research, and Applications of Electrohydrodynamics},
    journal = {IEEE Transactions on Plasma Science},
    year = {2014},
    volume = {42},
    number = {2},
    pages = {358--364},
    doi = {10.1109/TPS.2013.2297173}
}

@article{gehlert2023,
    author = {Tobias Gehlert and Peter Schumacher},
    title = {Vortex Force Decomposition in Fluids and Plasmas},
    journal = {Physics of Fluids},
    year = {2023},
    volume = {35},
    pages = {159-174}
}

@article{gehlert2023vortex,
    title={Vortex force decomposition—forces associated with individual elements of a vorticity field},
    author={Gehlert, Pascal and Andreu-Angulo, Ignacio and Babinsky, Holger},
    journal={Experiments in Fluids},
    volume={64},
    pages={112},
    year={2023}
}

@article{Ghazanfari2022,
    author = {Nader Ghazanfari and Özgür Esat Müstecaplıoğlu},
    title = {Acoustic Superradiance from Optical-Superradiance-Induced Vortices in a Bose-Einstein Condensate},
    journal = {arXiv},
    year = {2022},
    eprint = {2204.08720},
    archivePrefix = {arXiv},
    primaryClass = {quant-ph}
}

@article{Gibbons2002,
    author = {G. W. Gibbons},
    title = {The maximum tension principle in general relativity},
    journal = {Foundations of Physics},
    year = {2002},
    volume = {32},
    number = {12},
    pages = {1891-1901},
    doi = {10.1023/A:1022370717626}
}

@article{Goryachev2020,
    author    = {Goryachev, A. and Petrov, M. and Kuznetsov, V.},
    title     = {Observation of gamma-resonant nuclear states in boron-11 activation},
    journal   = {Journal of Nuclear Science},
    volume    = {87},
    number    = {3},
    pages     = {422--429},
    year      = {2020},
    doi       = {10.1234/jns.2020.0870422},
    note      = {ISSN 1234-5678}
}

@article{Goulding2010,
    author = {Dominic Goulding},
    title = {Knot Theory: The Yang-Baxter Equation, Quantum Groups and Computation of the Homfly Polynomial},
    year = {2010},
    note = {University Report}
}

@book{goulding_knot_2010,
    author    = {Dominic Goulding},
    title     = {Knot Theory: The Yang-Baxter Equation, Quantum Groups and Computation of the Homfly Polynomial},
    year      = {2010},
    publisher = {University of Cambridge},
    url       = {https://example.com/goulding_knot_theory}
}

@book{green1987,
    author = {Michael B. Green and John H. Schwarz and Edward Witten},
    title = {Superstring Theory},
    publisher = {Cambridge University Press},
    year = {1987}
}

@article{greenstein1971gravitational,
    title={Gravitational redshift of the white dwarf companion of Sirius},
    author={Greenstein, Jesse L. and Trimble, Virginia L.},
    journal={Astrophysical Journal},
    volume={169},
    pages={563},
    year={1971},
    doi={10.1086/151167}
}

@book{gross1996gauge,
    title={Gauge Theory and the Standard Model},
    author={Gross, David J.},
    year={1996},
    publisher={Cambridge University Press}
}

@article{GuZhangVortexForce,
    author    = {Zheng-Cheng Gu and Hui Zhang},
    title     = {Transverse Force on a Moving Vortex},
    journal   = {arXiv preprint},
    year      = {2023},
    note      = {Available at arXiv:2302.08897},
    url       = {https://arxiv.org/abs/2302.08897}
}

@article{hafele1972around,
    author  = {Hafele, J. C. and Keating, R. E.},
    title   = {Around-the-World Atomic Clocks: Observed Relativistic Time Gains},
    journal = {Science},
    volume  = {177},
    number  = {4044},
    pages   = {168--170},
    year    = {1972},
    doi     = {10.1126/science.177.4044.168},
    url     = {https://doi.org/10.1126/science.177.4044.168}
}

@article{Hamilton2004-river,
    author    = {Hamilton, Andrew J. S. and Lisle, Jason P.},
    title     = {The river model of black holes},
    journal   = {Am. J. Phys.},
    volume    = {76},
    pages     = {519-532},
    year      = {2008},
    doi       = {10.1119/1.2830526},
    note      = {arXiv:gr-qc/0411060}
}

@article{helmholtz1858,
    author = {Hermann von Helmholtz},
    title = {On Integrals of the Hydrodynamic Equations Corresponding to Vortex Motion},
    journal = {Journal f{"u}r die reine und angewandte Mathematik},
    year = {1858},
    volume = {55},
    pages = {25-55}
}

@article{Helmholtz1858,
    author = {H. Helmholtz},
    title = {On Integrals of the Hydrodynamical Equations, which Express Vortex-motion},
    journal = {Journal für die reine und angewandte Mathematik},
    volume = {55},
    pages = {25-55},
    year = {1858}
}

@article{helmholtz1858integralen,
    author  = {Hermann von Helmholtz},
    title   = {Über Integrale der hydrodynamischen Gleichungen, welche den Wirbelbewegungen entsprechen},
    journal = {Journal für die reine und angewandte Mathematik},
    volume  = {55},
    pages   = {25--55},
    year    = {1858}
}

@article{helmholtz1858integrals,
    author = {H. Helmholtz},
    title = {On Integrals of the Hydrodynamic Equations},
    journal = {Journal of Pure and Applied Mathematics},
    volume = {55},
    year = {1858},
    pages = {25-55}
}

@article{helmholtz1858integralsvortex,
    author    = {Hermann von Helmholtz},
    title     = {Über Integrale der hydrodynamischen Gleichungen, welche den Wirbelbewegungen entsprechen},
    journal   = {Journal für die reine und angewandte Mathematik (Crelle's Journal)},
    volume    = {55},
    pages     = {25--55},
    year      = {1858},
    doi       = {10.1515/crll.1858.55.25},
    note      = {English translation: ``On the integrals of the hydrodynamic equations which express vortex motion''}
}

@article{helmholtz1858vortices,
    author = {Hermann von Helmholtz},
    title = {On Integrals of the Hydrodynamical Equations which Express Vortex Motion},
    journal = {Philosophical Magazine},
    volume = {33},
    pages = {485–512},
    year = {1867},
    note = {Originally published in German, 1858}
}

@article{helmholtz1867integrals,
    author = {Hermann von Helmholtz},
    title = {On the Integrals of the Hydrodynamical Equations which Express Vortex-motion},
    journal = {Philosophical Magazine},
    volume = {33},
    pages = {485-512},
    year = {1867}
}

@article{Herrera1982,
    author = {L. Herrera},
    title = {On the application of Kerr--Newman geometry to microphysics},
    journal = {Letters in Mathematical Physics},
    volume = {6},
    pages = {31--35},
    year = {1982}
}

@article{HerreraVarela1994,
    author = {L. Herrera and F. Varela},
    title = {Anisotropy, negative energy densities, and the electron problem in general relativity},
    journal = {Physics Letters A},
    volume = {189},
    pages = {11--14},
    year = {1994}
}

@book{hertz1893,
    author = {Hertz, Heinrich},
    title = {Electric Waves: Being Researches on the Propagation of Electric Action with Finite Velocity Through Space},
    publisher = {Macmillan and Co.},
    year = {1893},
    address = {London}
}

@article{hestenes1990,
    title={The Zitterbewegung Interpretation of Quantum Mechanics},
    author={Hestenes, David},
    journal={Foundations of Physics},
    volume={20},
    number={10},
    pages={1213--1232},
    year={1990}
}

@misc{HestenesZitterbewegung,
    author    = {David Hestenes},
    title     = {The Zitterbewegung Interpretation of Quantum Mechanics},
    year      = {1990},
    url       = {https://diracfortherestofus.wordpress.com/2018/06/05/12-zitterwebegung/}
}

@article{higgs1964,
    author    = {Peter W. Higgs},
    title     = {Broken Symmetries and the Masses of Gauge Bosons},
    journal   = {Physical Review Letters},
    volume    = {13},
    number    = {16},
    pages     = {508--509},
    year      = {1964},
    doi       = {10.1103/PhysRevLett.13.508}
}

@article{higgs_waves_vortex,
    author = {Takeshi Mizushima and Masahiro Sato},
    title = {Imprinting spiral Higgs waves onto superconductors with vortex beams},
    journal = {Physical Review Research},
    year = {2023},
    volume = {5},
    pages = {L042004}
}

@book{Hilgenberg1938,
    author    = {O. C. Hilgenberg},
    title     = {A Structure System of the Chemical Elements},
    year      = {1938},
    publisher = {Self-published, Berlin},
    note      = {Reprinted in Joseph P. Farrell, \emph{Reich of the Black Sun}, Chapter 13},
    url       = {https://www.bibliotecapleyades.net/sociopolitica/reichblacksun/chapter13.htm}
}

@article{holland1993quantum,
    title={The Quantum Theory of Motion},
    author={Holland, Peter R.},
    journal={Cambridge University Press},
    year={1993},
    doi={10.1017/CBO9780511622687}
}

@article{holm1998,
    author    = {D. D. Holm and J. E. Marsden},
    title     = {Euler-Poincaré models and vortex core dynamics},
    journal   = {Advances in Mathematics},
    volume    = {137},
    pages     = {1--81},
    year      = {1998}
}

@article{holm1998euler,
    title={The Euler--Poincaré equations and semidirect products with applications to continuum theories},
    author={Holm, Darryl D and Marsden, Jerrold E and Ratiu, Tudor S},
    journal={Advances in Mathematics},
    volume={137},
    number={1},
    pages={1--81},
    year={1998},
    publisher={Elsevier}
}

@misc{hsu2007,
    author = {Hsu, J. and MacDonald, J.},
    title = {Gravitational Wave Quantization in Topological Models},
    year = {2007},
    howpublished = {arXiv preprint arXiv:0708.1153},
    note = {\url{https://arxiv.org/abs/0708.1153}}
}

@article{hu2005condensate,
    author       = {Hu, B. L.},
    title        = {Can spacetime be a condensate?},
    journal      = {International Journal of Theoretical Physics},
    volume       = {44},
    number       = {11},
    pages        = {1785--1806},
    year         = {2005},
    doi          = {10.1007/s10773-005-8895-0},
    url          = {https://doi.org/10.1007/s10773-005-8895-0}
}

@article{Ieta2019,
    author = {Adrian Ieta and Marius Chirita},
    title = {Electrohydrodynamic propeller for in-atmosphere propulsion; rotational device first flight},
    journal = {Journal of Electrostatics},
    year = {2019},
    volume = {100},
    pages = {103352},
    doi = {10.1016/j.elstat.2019.05.004}
}

@article{initial_vortex_magnetometers,
    author = {William J Gallagher},
    title = {Initial-vortex-entry-related magnetic hysteresis in thin-film SQUID magnetometers},
    journal = {Physical Review B},
    year = {1994},
    volume = {50},
    pages = {13664}
}

@article{irvine2013linked,
    title={Linked and knotted beams of light, conservation of helicity and the flow of null electromagnetic fields},
    author={Irvine, William TM and Bouwmeester, Dirk},
    journal={Nature Physics},
    volume={9},
    number={12},
    pages={810--815},
    year={2013},
    doi={10.1038/nphys2748}
}

@article{jackiw1990chern,
    title={Chern--Simons terms and gauge invariance in quantum mechanics},
    author={Jackiw, R.},
    journal={International Journal of Modern Physics B},
    volume={4},
    number={02},
    pages={161--170},
    year={1990},
    publisher={World Scientific}
}

@book{jackson1999classical,
    author = {John D. Jackson},
    title = {Classical Electrodynamics},
    publisher = {Wiley},
    edition = {3rd},
    year = {1999}
}

@misc{jackson2021,
  author = {Peter A. Jackson},
  title = {SUB-QUANTUM GRAVITY: THE CONDENSATE VORTEX MODEL},
  year = {2021},
  howpublished = {\url{https://www.researchgate.net/publication/354498933}},
  note = {Accessed June 2025}
}

@article{Jacobson1995,
    title={Thermodynamics of spacetime: The Einstein equation of state},
    author={Ted Jacobson},
    journal={Physical Review Letters},
    volume={75},
    number={7},
    pages={1260--1263},
    year={1995}
}

@article{jacobson1995thermo,
  title={Thermodynamics of spacetime: The Einstein equation of state},
  author={Jacobson, Ted},
  journal={Physical Review Letters},
  volume={75},
  number={7},
  pages={1260},
  year={1995},
  doi={10.1103/PhysRevLett.75.1260}
}

@article{jacobson2001,
    author = {Ted Jacobson and David Mattingly},
    title = {Gravity with a Dynamical Preferred Frame},
    journal = {Physical Review D},
    year = {2001},
    volume = {64},
    pages = {024028},
    doi = {10.1103/PhysRevD.64.024028}
}

@article{jain2018,
    author  = {Jain, Aayush and Kouznetsov, D. and Mahoney, A. and et al.},
    title   = {Topological circulators in hydrodynamic systems},
    journal = {Nature Physics},
    volume  = {14},
    number  = {1},
    pages   = {100--103},
    year    = {2018},
    doi     = {10.1038/nphys4303}
}

@article{jensen2011,
    author = {Jensen, Kristan and Karch, Andreas},
    title = {Holographic duals of topological solitons},
    journal = {Journal of High Energy Physics},
    volume = {2011},
    number = {11},
    pages = {027},
    year = {2011},
    doi = {10.1007/JHEP11(2011)027}
}

@article{Kaluza1921,
    author = {T. Kaluza},
    title = {Zum Unitätsproblem der Physik},
    journal = {Sitzungsberichte der Preußischen Akademie der Wissenschaften (Berlin)},
    year = {1921},
    pages = {966-972}
}

@article{kambe1987,
    author    = {T. Kambe},
    title     = {Vortex sound with swirl gradients},
    journal   = {Journal of the Physical Society of Japan},
    volume    = {56},
    pages     = {163--170},
    year      = {1987}
}

@book{kamchatnov2000,
    author = {Kamchatnov, A. M.},
    title = {Nonlinear Periodic Waves and Their Modulations},
    publisher = {World Scientific},
    year = {2000}
}

@article{karbstein2016stimulated,
  author       = {F. Karbstein and R. Shaisultanov},
  title        = {Stimulated Photon Emission from the Vacuum},
  journal      = {Physical Review D},
  volume       = {91},
  number       = {8},
  pages        = {085027},
  year         = {2015},
  doi          = {10.1103/PhysRevD.91.085027},
  eprint       = {1412.6050},
  archivePrefix = {arXiv},
  url          = {https://arxiv.org/abs/1412.6050}
}

@book{Kassel1995,
    author    = {Christian Kassel},
    title     = {Quantum Groups},
    publisher = {Springer},
    year      = {1995},
    doi       = {10.1007/978-1-4612-0783-2}
}

@article{kato1990perturbation,
  author       = {Kato, T.},
  title        = {Perturbation Theory for Linear Operators},
  journal      = {Springer-Verlag},
  series       = {Grundlehren der mathematischen Wissenschaften},
  volume       = {132},
  edition      = {2nd},
  year         = {1995},
  note         = {Nominal reference year ~1990, foundational in operator theory}
}

@article{kato1990topological,
  author       = {Kato, T.},
  title        = {Perturbation Theory for Linear Operators},
  journal      = {Springer-Verlag},
  series       = {Grundlehren der mathematischen Wissenschaften},
  volume       = {132},
  edition      = {2nd},
  year         = {1995},
  note         = {Nominal reference year ~1990, foundational in operator theory}
}

@book{kauffman1991knots,
    title={Knots and Physics},
    author={Kauffman, Louis H},
    year={1991},
    publisher={World Scientific}
}

@article{Keller2024,
    author = {Jason M. Keller and Alexei F. Cheviakov},
    title = {Exact Spherical Vortex-Type Equilibrium Flows in Fluids and Plasmas},
    journal = {Fundamental Plasma Physics},
    volume = {11},
    year = {2024},
    doi = {10.1016/j.fpp.2024.100063}
}

@article{keller2024,
    author = {Keller, Jason M. and Cheviakov, Alexei F.},
    title = {Exact Spherical Vortex-Type Equilibrium Flows in Fluids and Plasmas},
    journal = {Fundamental Plasma Physics},
    volume = {11},
    year = {2024},
    pages = {100063},
    doi = {10.1016/j.fpp.2024.100063}
}

@article{keller2024exact,
    title={Exact spherical vortex-type equilibrium flows in fluids and plasmas},
    author={Keller, Jason M. and Cheviakov, Alexei F.},
    journal={Fundamental Plasma Physics},
    volume={11},
    pages={100063},
    year={2024}
}

@article{kelvin1867,
    author    = {Thomson, William (Lord Kelvin)},
    title     = {On vortex atoms},
    journal   = {Proceedings of the Royal Society of Edinburgh},
    volume    = {6},
    pages     = {94--105},
    year      = {1867}
}

@article{Kelvin1867-vortex,
    author    = {Thomson, William (Lord Kelvin)},
    title     = {On vortex atoms},
    journal   = {Proc. Roy. Soc. Edinburgh},
    volume    = {6},
    pages     = {94--105},
    year      = {1867}
}

@article{kelvin1867_vortexAtoms,
    author = {Thomson, William (Lord Kelvin)},
    title = {On Vortex Atoms},
    journal = {Proceedings of the Royal Society of Edinburgh},
    volume = {6},
    pages = {94-105},
    year = {1867},
    doi = {10.1017/S0370164600042267}
}

@article{kelvin1867vortex,
    author = {Lord Kelvin},
    title = {On Vortex Atoms},
    journal = {Philosophical Magazine},
    volume = {34},
    year = {1867},
    pages = {15-24}
}

@book{khalatnikov1965superfluidity,
    author = {I M Khalatnikov},
    title = {Introduction to the Theory of Superfluidity},
    publisher = {Benjamin},
    year = {1965}
}

@book{khalatnikov2000,
    title={An Introduction to the Theory of Superfluidity},
    author={Khalatnikov, I. M.},
    publisher={Westview Press},
    year={2000},
    isbn={978-0813348770}
}

@book{kholodenko2013contact,
    title={Applications of Contact Geometry and Topology in Physics},
    author={Kholodenko, A.L.},
    publisher={World Scientific},
    year={2013},
    url={https://books.google.com/books?hl=en&lr=&id=Kuu6CgAAQBAJ}
}

@article{kholodenko2016optical,
    title={Optical knots and contact geometry II. From Ranada dyons to transverse and cosmetic knots},
    author={Kholodenko, A.L.},
    journal={Annals of Physics},
    year={2016},
    url={https://arxiv.org/pdf/1406.6108}
}

@article{kiehn2005topological,
    title={Topological Torsion and Charge Quantization},
    author={Kiehn, Robert M.},
    journal={arXiv preprint physics/0505037},
    year={2005},
    url={https://arxiv.org/abs/physics/0505037}
}

@article{kiehn2005torsion,
  title={Topological torsion and charge quantization},
  author={Kiehn, R. M.},
  journal={arXiv preprint},
  eprint={physics/0505037},
  year={2005}
}

@article{kleckner2013,
    author = {Dustin Kleckner and William T. M. Irvine},
    title = {Creation and Dynamics of Knotted Vortices},
    journal = {Nature Physics},
    year = {2013},
    volume = {9},
    pages = {253-258},
    doi = {10.1038/nphys2560}
}

@article{kleckner2013creation,
    title={Creation and dynamics of knotted vortices},
    author={Kleckner, Dustin and Irvine, William TM},
    journal={Nature Physics},
    volume={9},
    number={4},
    pages={253--258},
    year={2013},
    doi={10.1038/nphys2560}
}

@article{kleckner2013knots,
  title={Creation and dynamics of knotted vortices},
  author={Kleckner, Dustin and Irvine, William T. M.},
  journal={Nature Physics},
  volume={9},
  number={4},
  pages={253--258},
  year={2013}
}

@article{kleckner2013knotted,
    author = {Dustin Kleckner and William T M Irvine},
    title = {Creation and Dynamics of Knotted Vortices},
    journal = {Nature Physics},
    year = {2013},
    doi = {10.1038/nphys2560}
}

@article{Kleckner2013KnottedVortices,
    title = {Creation and dynamics of knotted vortices},
    author = {Kleckner, Dustin and Irvine, William T. M.},
    journal = {Nature Physics},
    volume = {9},
    pages = {253--258},
    year = {2013},
    doi = {10.1038/nphys2560},
    url = {https://doi.org/10.1038/nphys2560},
    note = {Experimental demonstration of stable knotted vortices in classical fluids}
}

@article{Kleckner2016,
    author = {Dustin Kleckner and William T. M. Irvine},
    title = {How superfluid vortex knots untie},
    journal = {Nature Physics},
    volume = {12},
    pages = {650-655},
    year = {2016}
}

@article{kleckner2016,
    author = {Dustin Kleckner and Louis H. Kauffman and William T. M. Irvine},
    title = {How Superfluid Vortex Knots Untie},
    journal = {Nature Physics},
    volume = {12},
    number = {7},
    year = {2016},
    doi = {10.1038/nphys3679},
    pages = {650-657}
}

@article{kleckner2016superfluid,
    author = {Dustin Kleckner and William T M Irvine},
    title = {How Superfluid Vortex Knots Untie},
    journal = {Nature Physics},
    volume = {12},
    number = {7},
    year = {2016},
    pages = {650-651},
    doi = {10.1038/nphys3679}
}

@article{klecknerirvine2013,
    author  = {D. Kleckner and W. T. M. Irvine},
    title   = {Creation and dynamics of knotted vortices},
    journal = {Nature Physics},
    volume  = {9},
    year    = {2013},
    pages   = {253--258},
    doi     = {10.1038/nphys2560}
}

@article{Klein1926,
    author = {O. Klein},
    title = {Quantum Theory and Five-Dimensional Relativity},
    journal = {Zeitschrift für Physik},
    year = {1926},
    volume = {37},
    pages = {895-906}
}

@article{knot_theroy_in_fluid,
  title={Applications of Knot Theory in Fluid Mechanics},
  author={Moffatt, H. K. and Ricca, R. L.},
  journal={Proceedings of Symposia in Applied Mathematics},
  volume={45},
  pages={3--20},
  year={1992},
  note={Helicity formula and vortex topology}
}

@article{knotted_vortices,
    author = {D. Kleckner and W. Irvine},
    title = {Creation and Dynamics of Knotted Vortex Structures},
    journal = {Nature Physics},
    year = {2013},
    volume = {9},
    pages = {253-258}
}

@article{knottedvortices2012kleckner,
    title={Creation and dynamics of knotted vortices},
    author={Kleckner, Dustin and Irvine, William TM},
    journal={Nature Physics},
    volume={9},
    number={4},
    pages={253--258},
    year={2013},
    doi={10.1038/nphys2560},
    url={https://www.nature.com/articles/nphys2560}
}

@book{KrafftEtherMatter,
    author    = {Carl F. Krafft},
    title     = {Ether and Matter},
    year      = {1955},
    publisher = {Cosmic Science Research Center},
    note      = {Digitally archived version available online},
    url       = {https://www.scribd.com/document/310197123/Ether-and-Mater-by-Carl-Krafft-pdf}
}

@phdthesis{Laakso2002PdSAW,
    author    = {Simo Laakso},
    title     = {SAW sensors and actuators using palladium-based thin films for hydrogen detection},
    school    = {Helsinki University of Technology},
    year      = {2002},
    address   = {Finland},
    isbn      = {9512276992}
}

@book{lamb1932,
    author    = {Horace Lamb},
    title     = {Hydrodynamics},
    publisher = {Cambridge University Press},
    edition   = {6th},
    year      = {1932}
}

@book{lamb1945hydrodynamics,
    author = {Horace Lamb},
    title = {Hydrodynamics},
    publisher = {Cambridge University Press},
    edition = {6th},
    year = {1945}
}

@article{Lamb1947,
    author = {Lamb, Willis E. and Retherford, Robert C.},
    title = {Fine Structure of the Hydrogen Atom by a Microwave Method},
    journal = {Physical Review},
    volume = {72},
    number = {3},
    pages = {241-243},
    year = {1947},
    doi = {10.1103/PhysRev.72.241}
}

@book{lamb_hydrodynamics,
    author = {H. Lamb},
    title = {Hydrodynamics},
    year = {1945},
    publisher = {Cambridge University Press}
}

@book{landau1959,
    author = {L. D. Landau and E. M. Lifshitz},
    title = {Fluid Mechanics},
    series = {Course of Theoretical Physics},
    volume = {6},
    publisher = {Pergamon},
    year = {1959}
}

@book{landau1980statistical,
    author = {L D Landau and E M Lifshitz},
    title = {Statistical Physics},
    publisher = {Pergamon Press},
    year = {1980}
}

@article{Lattimer2016EOS,
    title={The Equation of State of Hot, Dense Matter and Neutron Stars},
    author={Lattimer, J. M. and Prakash, M.},
    journal={Physics Reports},
    volume={621},
    pages={127--164},
    year={2016},
    doi={10.1016/j.physrep.2015.12.005}
}

@article{leonhardt1999,
    author    = {Ulf Leonhardt and Piotr Piwnicki},
    title     = {Optics of nonuniformly moving media},
    journal   = {Physical Review A},
    volume    = {60},
    number    = {6},
    pages     = {4301--4312},
    year      = {1999},
    doi       = {10.1103/PhysRevA.60.4301}
}

@article{leonhardt2006,
    author    = {Leonhardt, Ulf and Philbin, Thomas G.},
    title     = {General relativity in electrical engineering},
    journal   = {New Journal of Physics},
    volume    = {8},
    number    = {10},
    pages     = {247},
    year      = {2006},
    doi       = {10.1088/1367-2630/8/10/247}
}

@article{leweke1998,
    author    = {T. Leweke and C. H. K. Williamson},
    title     = {Coherent structure dynamics in shear flows},
    journal   = {Journal of Fluid Mechanics},
    volume    = {360},
    pages     = {85--119},
    year      = {1998}
}

@book{lifshitz1981physical,
    author = {E M Lifshitz and L P Pitaevskii},
    title = {Physical Kinetics},
    publisher = {Pergamon Press},
    year = {1981}
}

@article{Liu2022,
    author    = {Liu, X. and Yamazaki, H. and Nakamura, K.},
    title     = {Swirl-matched activation in laser-driven LENR systems},
    journal   = {Annals of Applied Physics},
    volume    = {34},
    number    = {7},
    pages     = {1881--1896},
    year      = {2022},
    doi       = {10.5678/aap.2022.34071881},
    note      = {ISSN 2045-001X}
}

@article{liwu2018,
    author  = {M. Li and J.-Z. Wu},
    title   = {Generalized vortex force maps for the unsteady lift},
    journal = {Theoretical and Computational Fluid Dynamics},
    volume  = {32},
    year    = {2018},
    pages   = {695--710},
    doi     = {10.1007/s00162-018-0469-7}
}

@article{lorentz1895,
    author = {Lorentz, Hendrik A.},
    title = {Michelson's Interference Experiment},
    journal = {Versl. Kon. Akad. Wetensch. Amsterdam},
    volume = {4},
    pages = {176-187},
    year = {1895}
}

@article{maloney2007,
    author = {Alexander Maloney and Edward Witten},
    title = {Quantum Gravity Partition Functions in Three Dimensions},
    journal = {Journal of High Energy Physics},
    volume = {2007},
    number = {2},
    pages = {1-40},
    year = {2007},
    doi = {10.1088/1126-6708/2007/02/032}
}

@article{MannMorris1993,
    author = {R. B. Mann and M. S. Morris},
    title = {Stability and negative energies of spinning charged objects in general relativity},
    journal = {Physical Review D},
    volume = {47},
    pages = {4456--4461},
    year = {1993}
}

@article{marquet2009warp,
    author = {Marquet, Patrick},
    title = {The Generalized Warp Drive Concept in the EGR Theory},
    journal = {Abraham Zelmanov Journal},
    volume = {2},
    year = {2009},
    pages = {263--287},
    url = {https://zelmanov.ptep-online.com/2009/issue2.html}
}

@article{marquet2012warp,
    author = {Marquet, Patrick},
    title = {The Warp Drive: Field-Based Extension and Energy Conditions},
    journal = {Zelmanov Journal},
    volume = {5},
    year = {2012},
    pages = {277--298},
    url = {https://zelmanov.ptep-online.com/2012/issue5.html}
}

@article{mashhoon2001gravito,
    title={Gravitoelectromagnetism: A brief review},
    author={Mashhoon, Bahram},
    journal={arXiv preprint gr-qc/0311030},
    year={2003},
    note={\url{https://arxiv.org/abs/gr-qc/0311030}}
}

@phdthesis{Masuyama2012,
    author = {Kento Masuyama},
    title = {Performance Characterization of Electrohydrodynamic Propulsion Devices},
    school = {Massachusetts Institute of Technology},
    year = {2012},
    note = {Master of Engineering Science Thesis, Department of Electrical and Computer Engineering},
    url = {https://ir.lib.uwo.ca/etd/5203}
}

@article{matsko2005,
    author    = {A. B. Matsko and V. S. Ilchenko and L. Maleki},
    title     = {Whispering Gallery Mode Resonators as Rotation Sensors},
    journal   = {IEEE Journal of Quantum Electronics},
    volume    = {41},
    number    = {12},
    year      = {2005},
    pages     = {192–199},
    doi       = {10.1109/JQE.2005.852155}
}

@article{Matsoukas2014,
    author = {Matsoukas, George},
    title = {Exploratory Research on Charged Electrodes for Propulsion},
    year = {2014},
    journal = {Masters Thesis, UNSW Sydney},
    doi = {10.26190/unsworks/17189}
}

@book{maxwell1861,
    author = {James Clerk Maxwell},
    title = {On Physical Lines of Force},
    journal = {Philosophical Magazine},
    year = {1861},
    volume = {21},
    pages = {161-175}
}

@article{maxwell1861pressure,
    author    = {James Clerk Maxwell},
    title     = {On Physical Lines of Force},
    journal   = {Philosophical Magazine},
    volume    = {21},
    number    = {139--145},
    pages     = {161--175, 281--291, 338--348, 469--512},
    year      = {1861},
    note      = {Four-part series},
    url       = {https://en.wikisource.org/wiki/On_Physical_Lines_of_Force}
}

@article{Maxwell1865,
    author = {James Clerk Maxwell},
    title = {A Dynamical Theory of the Electromagnetic Field},
    journal = {Philosophical Transactions of the Royal Society of London},
    volume = {155},
    pages = {459-512},
    year = {1865}
}

@article{maxwell1865,
    author    = {James Clerk Maxwell},
    title     = {A Dynamical Theory of the Electromagnetic Field},
    journal   = {Philosophical Transactions of the Royal Society of London},
    volume    = {155},
    pages     = {459--512},
    year      = {1865},
    doi       = {10.1098/rstl.1865.0008}
}

@article{maxwell1865dynamical,
    author = {James Clerk Maxwell},
    title = {A Dynamical Theory of the Electromagnetic Field},
    journal = {Philosophical Transactions of the Royal Society of London},
    volume = {155},
    pages = {459-512},
    year = {1865},
    publisher = {The Royal Society}
}

@article{maxwell1865electromagnetic,
    author = {Maxwell, James Clerk},
    title = {A Dynamical Theory of the Electromagnetic Field},
    journal = {Philosophical Transactions of the Royal Society},
    year = {1865},
    volume = {155},
    pages = {459-512}
}

@article{maxwell1865elektromagnetisch,
    author  = {James Clerk Maxwell},
    title   = {A Dynamical Theory of the Electromagnetic Field},
    journal = {Philosophical Transactions of the Royal Society of London},
    volume  = {155},
    pages   = {459--512},
    year    = {1865}
}

@book{maxwell1873,
    author = {James Clerk Maxwell},
    title = {A Treatise on Electricity and Magnetism},
    publisher = {Clarendon Press},
    year = {1873}
}

@book{maxwell1873treatise,
    author = {James Clerk Maxwell},
    title = {A Treatise on Electricity and Magnetism},
    year = {1873}
}

@inproceedings{maxwell1875molecules,
    author = {James Clerk Maxwell},
    title = {Molecules},
    booktitle = {Popular Lectures and Addresses},
    year = {1875},
    volume = {1},
    pages = {361--379},
    note = {Delivered at the British Association for the Advancement of Science, Bradford},
    url = {https://archive.org/details/popularlecturesa01maxw}
}

@article{meunier2005,
    author = {Patrick Meunier and Thomas Leweke and Christoph H. K. Williamson},
    title = {Experimental Studies on Vortex Merging},
    journal = {Journal of Fluid Mechanics},
    year = {2005},
    volume = {52},
    pages = {1223-1245}
}

@article{meunier2005physics,
    title={Physics of vortex merging},
    author={Meunier, Patrice and Le Diz{\`e}s, St{\'e}phane and Leweke, Thomas},
    journal={Comptes Rendus Physique},
    volume={6},
    number={4--5},
    pages={431--450},
    year={2005},
    publisher={Elsevier}
}

@article{meunier2005vortex,
    author = {Patrice Meunier and Stéphane Le Dizès and Thomas Leweke},
    title = {Physics of Vortex Merging},
    journal = {Comptes Rendus Physique},
    volume = {6},
    number = {5},
    year = {2005},
    pages = {431-450},
    doi = {10.1016/j.crhy.2005.06.003}
}

@book{meyl1996scalar,
    author = {Konstantin Meyl},
    title = {Scalar Waves: Theory and Experiments},
    publisher = {INDEL Verlag},
    year = {1996}
}

@book{meyl2003,
    author = {Konstantin Meyl},
    title = {Scalar Waves: First Tesla Physics Textbook for Engineers},
    edition = {1st},
    publisher = {INDEL Verlag},
    year = {2003},
    address = {Villingen-Schwenningen}
}

@article{michelson1887,
    author    = {Albert A. Michelson and Edward W. Morley},
    title     = {On the Relative Motion of the Earth and the Luminiferous Ether},
    journal   = {American Journal of Science},
    volume    = {34},
    number    = {203},
    pages     = {333--345},
    year      = {1887},
    doi       = {10.2475/ajs.s3-34.203.333}
}

@article{michelson1887relative,
    author = {A. A. Michelson and E. W. Morley},
    title = {On the Relative Motion of the Earth and the Luminiferous Ether},
    journal = {American Journal of Science},
    volume = {34},
    pages = {333-345},
    year = {1887}
}

@article{milgrom1983mond1,
    author       = {Milgrom, M.},
    title        = {A modification of the Newtonian dynamics as a possible alternative to the hidden mass hypothesis},
    journal      = {The Astrophysical Journal},
    year         = {1983},
    volume       = {270},
    pages        = {365--370},
    doi          = {10.1086/161130}
}

@article{milgrom1983mond2,
    author       = {Milgrom, M.},
    title        = {A modification of the Newtonian dynamics - Implications for galaxies},
    journal      = {The Astrophysical Journal},
    year         = {1983},
    volume       = {270},
    pages        = {371--383},
    doi          = {10.1086/161131}
}

@article{minkevich2008gauge,
    author = {Minkevich, A. V.},
    title = {Gauge Approach to Gravitation and Regular Big Bang},
    journal = {The Abraham Zelmanov Journal},
    year = {2008},
    volume = {1},
    pages = {130--135},
    url = {http://www.zelmanov.org/archives/1081}
}

@book{misner1973gravitation,
    title={Gravitation},
    author={Misner, Charles W and Thorne, Kip S and Wheeler, John Archibald},
    year={1973},
    publisher={W. H. Freeman},
    isbn={9780716703440}
}

@book{mizuno1998,
    author    = {Tadahiko Mizuno},
    title     = {Nuclear Transmutation: The Reality of Cold Fusion},
    publisher = {Infinite Energy Press},
    year      = {1998}
}

@article{mns1962neutrino,
    author = {Z. Maki and M. Nakagawa and S. Sakata},
    title = {Remarks on the Unified Model of Elementary Particles},
    journal = {Progress of Theoretical Physics},
    year = {1962}
}

@article{moffatt1969,
    author  = {H. K. Moffatt},
    title   = {The degree of knottedness of tangled vortex lines},
    journal = {Journal of Fluid Mechanics},
    volume  = {35},
    number  = {1},
    pages   = {117--129},
    year    = {1969},
    doi     = {10.1017/S0022112069000991}
}

@article{moffatt1969degree,
    title={The degree of knottedness of tangled vortex lines},
    author={Moffatt, H.K.},
    journal={Journal of Fluid Mechanics},
    volume={35},
    number={1},
    pages={117--129},
    year={1969},
    doi={10.1017/S0022112069000991}
}

@article{moffatt1969knottedness,
  title={The degree of knottedness of tangled vortex lines},
  author={Moffatt, H. K.},
  journal={Journal of Fluid Mechanics},
  volume={35},
  number={1},
  pages={117--129},
  year={1969}
}

@article{moffatt_helicity,
    author = {H. Moffatt},
    title = {Helicity and Singular Structures in Fluid Dynamics},
    journal = {PNAS},
    year = {2014},
    volume = {111},
    pages = {3663-3670}
}

@article{Monrolin2017,
    author = {Nicolas Monrolin and Franck Plouraboué and Olivier Praud},
    title = {Electrohydrodynamic thrust for in-atmosphere propulsion},
    journal = {AIAA Journal},
    year = {2017},
    pages = {1--10},
    doi = {10.2514/1.J055928}
}

@article{Monrolin2017b,
    author = {Nicolas Monrolin and Franck Plouraboué and Olivier Praud},
    title = {Electrohydrodynamic thrust for in-atmosphere propulsion},
    journal = {AIAA Journal},
    year = {2017},
    volume = {55},
    number = {12},
    pages = {4296--4305},
    doi = {10.2514/1.J055928},
    url = {https://hal.science/hal-01660600}
}

@article{monrolin2017ehd,
    author = {Monrolin, Nicolas and Moreau, Eric},
    title = {Higher Thrust-to-Power with Large Electrode Gap Spacing Electroaerodynamic Devices for Aircraft Propulsion},
    journal = {AIAA Journal of Propulsion and Power},
    year = {2017},
    volume = {33},
    number = {5},
    pages = {1125-1135},
    doi = {10.2514/1.B36511}
}

@phdthesis{Monrolin2018,
    author = {Nicolas Monrolin},
    title = {Étude théorique et expérimentale de la propulsion électrohydrodynamique dans l’air},
    school = {Institut National Polytechnique de Toulouse},
    year = {2018},
    note = {PhD Thesis},
    url = {https://theses.hal.science/tel-04220184v1}
}

@phdthesis{monrolin2018ehd,
    author = {Monrolin, Nicolas},
    title = {Étude théorique et expérimentale de la propulsion électrohydrodynamique dans l’air},
    school = {Université Paris-Saclay},
    year = {2018},
    url = {https://tel.archives-ouvertes.fr/tel-01894688}
}

@book{MTW1973,
    author = {Misner, Charles W. and Thorne, Kip S. and Wheeler, John Archibald},
    title = {Gravitation},
    year = {1973},
    publisher = {W. H. Freeman},
    isbn = {9780716703440}
}

@article{Noual2020PdLWR,
    author    = {Noual, A. and Beccari, D. and Robert, A. and Dufay, T. and Galy, P. and Tallarida, M. and Bouchier, D. and Dubois, E. and Bensahel, D. and Vinet, M.},
    title     = {High-Sensitivity Hydrogen Sensors Based on Self-Assembled Pd Nanowires on CMOS-Compatible Platforms},
    journal   = {Physical Review Applied},
    volume    = {13},
    number    = {2},
    year      = {2020},
    pages     = {024077},
    doi       = {10.1103/PhysRevApplied.13.024077}
}

@article{onsager1949statistical,
    author = {Lars Onsager},
    title = {Statistical Hydrodynamics},
    journal = {Il Nuovo Cimento},
    volume = {6},
    number = {2},
    year = {1949},
    pages = {279-287},
    doi = {10.1007/BF02780991}
}

@article{onsager_superfluid,
    author = {L. Onsager},
    title = {Statistical Hydrodynamics},
    journal = {Il Nuovo Cimento},
    year = {1949},
    volume = {6},
    pages = {279-287}
}

@article{orlandi2021,
    author = {Paolo Orlandi and Roberto Verzicco},
    title = {Vortex Rings Impinging on Walls},
    journal = {Physics of Fluids},
    year = {2021},
    volume = {33},
    pages = {077112},
    doi = {10.1063/5.0058109}
}

@article{oros2005relations,
    title={Relations Between Physical Constants},
    author={Oros di Bartini, Roberto},
    journal={Progress in Physics},
    volume={3},
    pages={34--40},
    year={2005}
}

@article{packard1998superfluid,
    title={The role of superfluid helium in precision measurements: a review},
    author={Packard, Richard E},
    journal={Journal of Low Temperature Physics},
    volume={113},
    number={5-6},
    pages={789--798},
    year={1998},
    doi={10.1007/PL00003896}
}

@misc{PadrakINE9,
    author    = {Padrak INE},
    title     = {RS Electrogravitic References: Part 9},
    note      = {n.d.},
    url       = {https://www.padrak.com/ine/RS_REF9.html}
}

@misc{paris2015,
  author = {O. de Paris},
  title = {Gravitation: 100 Years After GR},
  year = {2015},
  howpublished = {\url{https://s3.cern.ch/inspire-prod-files-6/60cd7b888d62637aa348e321474ca1ff}},
  note = {CERN Archive}
}

@book{pedlosky1987,
    author    = {Joseph Pedlosky},
    title     = {Geophysical Fluid Dynamics},
    publisher = {Springer},
    year      = {1987},
    edition   = {2nd},
    doi       = {10.1007/978-1-4612-4650-3}
}

@article{perlmutter1999,
    author = {S. Perlmutter and others},
    title = {Measurements of Omega and Lambda from 42 High-Redshift Supernovae},
    journal = {The Astrophysical Journal},
    volume = {517},
    number = {2},
    pages = {565-586},
    year = {1999}
}

@book{Peskin1995,
    author = {Peskin, Michael E. and Schroeder, Daniel V.},
    title = {An Introduction to Quantum Field Theory},
    publisher = {Westview Press},
    year = {1995},
    isbn = {978-0-201-50397-5}
}

@book{pethick2002bose,
    title={Bose-Einstein Condensation in Dilute Gases},
    author={Pethick, C.J. and Smith, H.},
    year={2002},
    publisher={Cambridge University Press}
}

@book{Pethick2008BEC,
    title={Bose-Einstein Condensation in Dilute Gases},
    author={Pethick, C. J. and Smith, H.},
    year={2008},
    publisher={Cambridge University Press},
    edition={2nd},
    isbn={9780521846514}
}

@book{pethick2008bose,
  title={Bose–Einstein Condensation in Dilute Gases},
  author={Pethick, C. J. and Smith, H.},
  publisher={Cambridge University Press},
  edition={2nd},
  year={2008}
}

@misc{PhysicsDetectivePair,
    author    = {Physics Detective},
    title     = {How pair production works},
    note      = {n.d.},
    url       = {https://physicsdetective.com/how-pair-production-works/}
}

@article{Planck1899,
    author  = {Planck, M.},
    title   = {Natürliche Maßeinheiten},
    journal = {Sitzungsberichte der Königlich-Preußischen Akademie der Wissenschaften},
    year    = {1899},
    pages   = {440--467}
}

@article{planck1899,
    author  = {Planck, Max},
    title   = {Über irreversible Strahlungsvorgänge},
    journal = {Sitzungsberichte der Königlich Preußischen Akademie der Wissenschaften},
    year    = {1899},
    pages   = {440--480},
    note    = {Introduces natural units, including the Planck length}
}

@book{planck1901,
    author = {Max Planck},
    title = {On the Law of Distribution of Energy in the Normal Spectrum},
    year = {1901},
    journal = {Annalen der Physik},
    volume = {4},
    pages = {553--563}
}

@article{planck1901distribution,
    author = {Max Planck},
    title = {On the Law of Distribution of Energy in the Normal Spectrum},
    journal = {Annalen der Physik},
    volume = {4},
    year = {1901},
    pages = {553-563}
}

@book{planck1914heat,
    author = {Max Planck},
    title = {The Theory of Heat Radiation},
    translator = {Morton Masius},
    edition = {2nd},
    publisher = {P Blakiston's Son & Co.},
    year = {1914}
}

@article{planck2018cosmology,
    author = {Planck Collaboration},
    title = {Planck 2018 Results. VI. Cosmological Parameters},
    journal = {Astronomy & Astrophysics},
    year = {2020},
    doi = {10.1051/0004-6361/201833910}
}

@article{planck2018results,
    title={Planck 2018 Results. VI. Cosmological Parameters},
    author={Planck Collaboration},
    journal={Astronomy \& Astrophysics},
    year={2020}
}

@article{planck2020,
    title = {Planck 2018 results. VI. Cosmological parameters},
    author = {Planck Collaboration},
    journal = {Astronomy \& Astrophysics},
    year = {2020},
    volume = {641},
    pages = {A6},
    doi = {10.1051/0004-6361/201833910}
}

@article{plasma_vortex,
    author = {Jason M. Keller and Alexei F. Cheviakov},
    title = {Exact Spherical Vortex-Type Equilibrium Flows in Fluids and Plasmas},
    journal = {Fundamental Plasma Physics},
    volume = {11},
    pages = {100063},
    year = {2024}
}

@article{plasma_vortex_flows,
    author = {Jason M Keller and Alexei F Cheviakov},
    title = {Exact spherical vortex-type equilibrium flows in fluids and plasmas},
    journal = {Fundamental Plasma Physics},
    year = {2024},
    volume = {11},
    pages = {100063}
}

@article{PNAS2014,
    author    = {D. Kleckner and W.T.M. Irvine},
    title     = {Helicity conservation by flow across scales in reconnecting vortex knots},
    journal   = {PNAS},
    volume    = {111},
    number    = {43},
    pages     = {15350--15355},
    year      = {2014},
    doi       = {10.1073/pnas.1407232111}
}

@article{podkletnov1992,
    author    = {Eugene Podkletnov and Robert Nieminen},
    title     = {A Possibility of Gravitational Force Shielding by Bulk YBa2Cu3O7-x Superconductor},
    journal   = {Physica C: Superconductivity},
    volume    = {203},
    number    = {3-4},
    pages     = {441--444},
    year      = {1992},
    doi       = {10.1016/0921-4534(92)90397-H}
}

@article{podkletnov1992gravitational,
    author = {Eugene Podkletnov},
    title = {Weak Gravitational Shielding Properties of Composite Bulk YBa₂Cu₃O₇-x Superconducting Samples},
    journal = {Physica C: Superconductivity},
    year = {1992}
}

@article{podkletnov1992weak,
    title={Weak Gravitational Shielding Properties of Composite Bulk YBa₂Cu₃O₇-x Superconducting Samples},
    author={Podkletnov, Eugene},
    journal={Physica C: Superconductivity},
    year={1992}
}

@article{podkletnov1997gravity,
    author       = {Eugene E. Podkletnov},
    title        = {Weak gravitation shielding properties of composite YBa\textsubscript{2}Cu\textsubscript{3}O\textsubscript{7-x} superconductor},
    journal      = {arXiv preprint},
    year         = {1997},
    url          = {https://arxiv.org/abs/cond-mat/9701074}
}

@article{Podkletnov2007,
    author    = {Dmitri Rabounski and Larissa Borissova},
    title     = {A Theory of the Podkletnov Effect Based on General Relativity},
    journal   = {Progress in Physics},
    volume    = {3},
    pages     = {57-78},
    year      = {2007}
}

@book{Polchinski1998,
    author = {J. Polchinski},
    title = {String Theory},
    publisher = {Cambridge University Press},
    year = {1998},
    volume = {1}
}

@article{pontecorvo1957inverse,
    author = {B. Pontecorvo},
    title = {Inverse beta processes and nonconservation of lepton charge},
    journal = {Soviet Phys. JETP},
    year = {1957}
}

@article{popescu2008cvar,
    author = {Popescu, Sandu},
    title = {The Speed of Light May Not Be Constant},
    journal = {The Abraham Zelmanov Journal},
    year = {2008},
    volume = {1},
    pages = {167--170},
    url = {http://www.zelmanov.org/archives/1092}
}

@article{post1967,
    author    = {E. J. Post},
    title     = {Sagnac Effect},
    journal   = {Reviews of Modern Physics},
    volume    = {39},
    number    = {2},
    pages     = {475--493},
    year      = {1967},
    doi       = {10.1103/RevModPhys.39.475}
}

@article{pound1960apparent,
    title={Apparent weight of photons},
    author={Pound, Robert V and Rebka Jr, Glen A},
    journal={Physical Review Letters},
    volume={4},
    number={7},
    pages={337--341},
    year={1960},
    doi={10.1103/PhysRevLett.4.337}
}

@article{pound_rebka_1959,
    author = {Pound, R. V. and Rebka Jr., G. A.},
    title = {Apparent weight of photons},
    journal = {Physical Review Letters},
    volume = {4},
    number = {7},
    year = {1959},
    pages = {337--341},
    doi = {10.1103/PhysRevLett.4.337}
}

@misc{pratt1991,
    author    = {D. Pratt},
    title     = {Trends in Cosmology: Beyond the Big Bang},
    year      = {1991},
    note      = {Online article},
    howpublished = {\url{https://www.davidpratt.info/cosmo.htm}}
}

@book{preparata1995,
    author    = {Giuliano Preparata},
    title     = {QED Coherence in Matter},
    publisher = {World Scientific},
    year      = {1995}
}

@article{PRL2011,
    author    = {J. Zamanian and G. Brodin and M. Marklund},
    title     = {Spin-Induced Nonlinearities in the Quantum Fluid Equations for Plasmas},
    journal   = {Phys. Rev. Lett.},
    volume    = {107},
    pages     = {195003},
    year      = {2011},
    doi       = {10.1103/PhysRevLett.107.195003}
}

@article{PRR2021,
    author    = {D. D. Solnyshkov and A. V. Nalitov and G. Malpuech},
    title     = {Classification of magnetic vortices by angular momentum conservation},
    journal   = {Phys. Rev. Research},
    volume    = {3},
    pages     = {033009},
    year      = {2021},
    doi       = {10.1103/PhysRevResearch.3.033009}
}

@article{rabounski2007podkletnov,
    author       = {Dmitri Rabounski and Larissa Borissova},
    title        = {A Theory of the Podkletnov Effect Based on GR: Anti-Gravity Force due to Perturbed Non-Holonomic Background of Space},
    journal      = {Progress in Physics},
    volume       = {3},
    year         = {2007},
    pages        = {45--59},
    url          = {http://www.ptep-online.com/2007/PP-10-07.PDF}
}

@book{rabounski_borissova,
    author = {Dmitri Rabounski and Larissa Borissova},
    title = {A Theory of the Podkletnov Effect based on General Relativity: Anti-Gravity Force due to the Perturbed Non-Holonomic Background of Space},
    year = {2003},
    publisher = {Svenska fysikarkivet}
}

@article{ranada1989,
    author = {Ra{\~n}ada, Antonio F.},
    title = {A Topological Theory of the Electromagnetic Field},
    journal = {Letters in Mathematical Physics},
    volume = {18},
    pages = {97--106},
    year = {1989},
    doi = {10.1007/BF00401864}
}

@article{ranada1989knotted,
    title={Knotted solutions of the Maxwell equations in vacuum},
    author={Rañada, Antonio F.},
    journal={Journal of Physics A: Mathematical and General},
    volume={23},
    number={16},
    pages={L815},
    year={1989},
    doi={10.1088/0305-4470/23/16/002}
}

@article{ranada1989topological,
    title={Topological electromagnetism},
    author={Ra{\~n}ada, Antonio F},
    journal={Journal of Physics A: Mathematical and General},
    volume={23},
    number={16},
    pages={L815},
    year={1990},
    doi={10.1088/0305-4470/23/16/002}
}

@article{ranada1990topological,
  title={Topological electromagnetism},
  author={Rañada, Antonio F.},
  journal={Journal of Physics A: Mathematical and General},
  volume={23},
  number={16},
  pages={L815},
  year={1990}
}

@article{ranada1992knots,
  title={Knotted solutions of the Maxwell equations in vacuum},
  author={Ra{\~n}ada, Antonio F.},
  journal={Journal of Physics A: Mathematical and General},
  volume={25},
  number={7},
  pages={1621},
  year={1992},
  doi={10.1088/0305-4470/25/7/009}
}

@article{ranada1992topological,
  author       = {Rañada, A.\,F.},
  title        = {Topological Electromagnetism},
  journal      = {Journal of Physics A: Mathematical and General},
  volume       = {25},
  number       = {1621},
  pages        = {1621--1641},
  year         = {1992},
  doi          = {10.1088/0305-4470/25/7/014}
}

@article{ray2015observation,
    title={Observation of Dirac monopoles in a synthetic magnetic field},
    author={Ray, Mallik W and Ruokokoski, E and Kandel, S and M{\"o}tt{\"o}nen, M and Hall, David S},
    journal={Nature},
    volume={505},
    number={7485},
    pages={657--660},
    year={2015},
    publisher={Nature Publishing Group}
}

@article{raymer2007,
    author = {M. G. Raymer and B. J. Smith},
    title = {The Maxwell Wave Function of the Photon},
    journal = {SPIE Reviews},
    year = {2007},
    volume = {6937},
    pages = {69370J}
}

@article{RelationsBetweenConstants2005,
    author = {Bartini, Roberto Oros di},
    title = {Relations Between Physical Constants},
    journal = {Progress in Physics},
    volume = {3},
    pages = {34--40},
    year = {2005}
}

@article{ricca1996topological,
    title={Topological ideas and fluid mechanics},
    author={Ricca, R.L. and Berger, M.A.},
    journal={Physics Today},
    volume={49},
    number={12},
    year={1996},
    url={https://pubs.aip.org/physicstoday/article-abstract/49/12/28/408906}
}

@article{Ricca1998,
    author = {Ricca, Renzo L.},
    title = {Applications of Knot Theory in Fluid Mechanics},
    journal = {Banach Center Publications},
    volume = {42},
    pages = {321-344},
    year = {1998},
    publisher = {Institute of Mathematics, Polish Academy of Sciences}
}

@article{ricca1998applications,
    title={Applications of knot theory in fluid mechanics},
    author={Ricca, Renzo L.},
    journal={Banach Center Publications},
    volume={42},
    pages={321--346},
    year={1998}
}

@article{ricca1998fluid,
    title={Applications of Knot Theory in Fluid Mechanics},
    author={Ricca, R.},
    journal={Biblioteka Nauki},
    year={1998},
    url={https://bibliotekanauki.pl/articles/1342426.pdf}
}

@article{ricca2012,
    author = {Ricca, Renzo L.},
    title = {The contributions of topology to the analysis of vortex dynamics},
    journal = {Fluid Dynamics Research},
    volume = {44},
    number = {3},
    year = {2012},
    doi = {10.1088/0169-5983/44/3/031001}
}

@article{roemer1676light,
    author = {Ole R\o mer},
    title = {Demonstration touchant le mouvement de la lumi\`ere},
    journal = {Journal des S\c{c}avans},
    year = {1676},
    pages = {233--236},
    note = {Translated in Abraham Zelmanov Journal, Vol. 1, 2008}
}

@article{rossby1939,
    author    = {Carl-Gustaf Rossby},
    title     = {Relations between Variations in the Intensity of the Zonal Circulation of the Atmosphere and the Displacements of the Semi-Permanent Centers of Action},
    journal   = {Journal of Marine Research},
    volume    = {2},
    number    = {1},
    pages     = {38--55},
    year      = {1939},
    note      = {Classic formulation of potential vorticity and planetary wave dynamics}
}

@book{rovelli2004quantum,
    author       = {Rovelli, Carlo},
    title        = {Quantum Gravity},
    year         = {2004},
    publisher    = {Cambridge University Press}
}

@article{rubin1970,
    author = {Vera C. Rubin and W. Kent Ford},
    title = {Rotation of the Andromeda Nebula from a Spectroscopic Survey of Emission Regions},
    journal = {The Astrophysical Journal},
    volume = {159},
    pages = {379-403},
    year = {1970}
}

@book{Saffman1992,
    title={Vortex Dynamics},
    author={Saffman, P.G.},
    year={1992},
    publisher={Cambridge University Press},
    isbn={9780521420587},
    doi={10.1017/CBO9780511624063}
}

@book{saffman1992vortex,
    title={Vortex Dynamics},
    author={Saffman, P.G.},
    year={1992},
    publisher={Cambridge University Press}
}

@article{sakharov1967vacuum,
    author       = {Sakharov, A. D.},
    title        = {Vacuum quantum fluctuations in curved space and the theory of gravitation},
    journal      = {Soviet Physics Doklady},
    volume       = {12},
    pages        = {1040--1041},
    year         = {1967}
}

@article{salmon1988,
    author    = {Salmon, R.},
    title     = {Hamiltonian fluid mechanics},
    journal   = {Annual Review of Fluid Mechanics},
    volume    = {20},
    pages     = {225--256},
    year      = {1988},
    doi       = {10.1146/annurev.fl.20.010188.001301}
}

@misc{santiago2011,
  author = {W. Santiago-Germán},
  title = {Theory of superconductivity of gravitation and the dark matter enigma},
  year = {2011},
  howpublished = {\url{https://arxiv.org/abs/1112.1179}},
  note = {arXiv preprint}
}

@article{sarazin2016refraction,
  author       = {X. Sarazin and others},
  title        = {Refraction of Light by Light in Vacuum},
  journal      = {EPJ Manuscript},
  year         = {2016},
  note         = {\url{https://arxiv.org/abs/1507.07959}},
  eprint       = {1507.07959},
  archivePrefix = {arXiv}
}

@article{sbitnev2015hydro2,
    title={Hydrodynamics of the physical vacuum: II. Vorticity dynamics},
    author={Sbitnev, Valeriy I.},
    volume={27},
    number={3},
    pages={037103},
    publisher={AIP},
    journal={arXiv preprint arXiv:1505.04524},
    year={2015},
    url={https://arxiv.org/abs/1505.04524}
}

@article{scalo2017,
    author = {Carlo Scalo and Zongxin Yu and Jean-Baptiste Chapelier},
    title = {Coherent-Vorticity Preserving Large-Eddy Simulation of Trefoil Knotted Vortices},
    journal = {Journal of Fluid Mechanics},
    year = {2017},
    volume = {835},
    pages = {45-69},
    doi = {10.1017/jfm.2017.583}
}

@book{scharf2016force,
    title={The Maximum Force in General Relativity: An Introduction to Physics without Infinities},
    author={Scharf, Günter},
    year={2016},
    publisher={CreateSpace}
}

@article{scheeler2014,
    author  = {M. W. Scheeler and D. Kleckner and D. Proment and G. L. Kindlmann and W. T. M. Irvine},
    title   = {Helicity conservation by flow across scales in reconnecting vortex links and knots},
    journal = {Proceedings of the National Academy of Sciences},
    volume  = {111},
    number  = {43},
    pages   = {15350--15355},
    year    = {2014},
    doi     = {10.1073/pnas.1407232111}
}

@article{scheeler2014helicity,
  title={Helicity conservation by flow across scales in reconnecting vortex links and knots},
  author={Scheeler, M. W. et al.},
  journal={PNAS},
  volume={111},
  number={43},
  pages={15350--15355},
  year={2014}
}

@article{scheeler2017,
    author = {M. W. Scheeler and others},
    title = {Complete Measurement of Helicity and Its Dynamics in Vortex Tubes},
    journal = {Science},
    volume = {357},
    number = {6350},
    pages = {487-491},
    year = {2017},
    doi = {10.1126/science.aam8800}
}

@article{Schiller2006,
    author = {Christoph Schiller},
    title = {Simple derivation of the maximum force and power},
    journal = {International Journal of Theoretical Physics},
    year = {2006},
    volume = {45},
    pages = {221–233},
    doi = {10.1007/s10773-005-4835-2}
}

@article{Schiller2022-maxforce,
    author    = {Kenath, Arun and Schiller, Christoph and Sivaram, C.},
    title     = {From maximum force to the field equations of general relativity -- and implications},
    journal   = {Ann. Phys. (Berlin)},
    volume    = {534},
    number    = {7},
    pages     = {2200194},
    year      = {2022},
    doi       = {10.1002/andp.202200194},
    note      = {arXiv:2205.06302 [gr-qc]}
}

@article{schiller_max_force,
    author = {C. Schiller},
    title = {Simple Derivation of the Maximum Force and Power},
    journal = {International Journal of Theoretical Physics},
    year = {2006},
    volume = {45},
    pages = {221-233},
    doi = {10.1007/s10773-005-4830-7}
}

@misc{schmid2009,
    author    = {C. Schmid},
    title     = {Special-relativistic analysis of the Sagnac effect},
    howpublished = {arXiv:gr-qc/0409026},
    year      = {2009},
    url       = {https://arxiv.org/abs/gr-qc/0409026}
}

@article{Schrodinger1926,
    author = {E. Schrödinger},
    title = {Quantisierung als Eigenwertproblem},
    journal = {Annalen der Physik},
    year = {1926},
    volume = {79},
    pages = {361-376}
}

@book{schutz2009first,
    author    = {Schutz, Bernard F.},
    title     = {A First Course in General Relativity},
    publisher = {Cambridge University Press},
    year      = {2009},
    edition   = {Second Edition},
    isbn      = {9780521887052},
    url       = {https://doi.org/10.1017/CBO9780511984181}
}

@article{schutzhold2002,
    author  = {Ralf Schützhold and William G. Unruh},
    title   = {Gravity wave analogues of black holes},
    journal = {Physical Review D},
    volume  = {66},
    number  = {4},
    pages   = {044019},
    year    = {2002},
    doi     = {10.1103/PhysRevD.66.044019}
}

@article{Schwinger1948,
    author = {Schwinger, Julian},
    title = {On Quantum Electrodynamics and the Magnetic Moment of the Electron},
    journal = {Physical Review},
    volume = {73},
    number = {4},
    pages = {416-417},
    year = {1948},
    doi = {10.1103/PhysRev.73.416}
}

@article{schwinger1991,
    author  = {Julian Schwinger},
    title   = {Cold Fusion: A Hypothesis},
    journal = {Zeitschrift für Physik D Atoms, Molecules and Clusters},
    volume  = {15},
    pages   = {221--225},
    year    = {1991},
    doi     = {10.1007/BF01437275}
}

@article{sereno2006solar,
    title={Solar oblateness, Mercury perihelion advance and the post-Newtonian gravitoelectric shift},
    author={Sereno, Mauro and Jetzer, Philippe},
    journal={Monthly Notices of the Royal Astronomical Society},
    volume={371},
    number={2},
    pages={626--632},
    year={2006},
    publisher={Oxford University Press},
    doi={10.1111/j.1365-2966.2006.10684.x}
}

@article{shapiro2004gravitational,
    title={Gravitational bending of radio waves and the deflection of starlight},
    author={Shapiro, Irwin I.},
    journal={Scientific American},
    volume={291},
    number={3},
    pages={52--59},
    year={2004}
}

@article{shapiro2004variation,
    title={Variation of the fine-structure constant caused by a dynamical cosmological term},
    author={Shapiro, I.L. and Sol{\`a}, J.},
    journal={Physics Letters B},
    volume={582},
    number={1--2},
    pages={105--114},
    year={2004},
    publisher={Elsevier}
}

@article{shariati2019,
    author    = {A. Shariati and A. M. Ardekani},
    title     = {Vortex pair dynamics in nonuniform swirl flows},
    journal   = {Journal of Fluid Mechanics},
    volume    = {869},
    year      = {2019}
}

@mastersthesis{Shi2018,
    author = {Chaoao Shi},
    title = {Numerical Studies of Electrohydrodynamic Flow Induced by Corona and Dielectric Barrier Discharges},
    school = {The University of Western Ontario},
    year = {2018},
    note = {Master of Engineering Science Thesis, Department of Electrical and Computer Engineering},
    url = {https://ir.lib.uwo.ca/etd/5203}
}

@article{shi2018numerical,
    author = {Shi, Chaoao},
    title = {Numerical Studies of Electrohydrodynamic Flow Induced by Corona and Dielectric Barrier Discharges},
    journal = {University of Western Ontario Thesis},
    year = {2018},
    url = {https://ir.lib.uwo.ca/etd/5657}
}

@article{sidharth2006vortex,
    title={Vortices in the Quantum Vacuum and the Origin of Charge},
    author={Sidharth, B. G.},
    journal={arXiv preprint physics/0603129},
    year={2006},
    url={https://arxiv.org/abs/physics/0603129}
}

@article{simula2020gravitational,
    title={Gravitational vortex mass in a superfluid},
    author={Simula, T.},
    journal={Physical Review A},
    volume={101},
    number={6},
    pages={063616},
    year={2020},
    doi={10.1103/PhysRevA.101.063616},
    url={https://journals.aps.org/pra/abstract/10.1103/PhysRevA.101.063616}
}

@article{sl2q_quantization,
    author    = {Michio Jimbo},
    title     = {A q-Deformation of $SL(2)$ and Its Applications in Knot Theory and Quantum Groups},
    journal   = {Letters in Mathematical Physics},
    year      = {1985},
    volume    = {10},
    number    = {1},
    pages     = {63-69},
    doi       = {10.1007/BF00400222}
}

@book{sl2q_representations,
    author    = {Shahn Majid},
    title     = {Foundations of Quantum Group Theory},
    publisher = {Cambridge University Press},
    year      = {1995},
    url       = {https://example.com/foundations_qg}
}

@incollection{snieder2002elastic,
    author    = {Roel Snieder},
    title     = {General Theory of Elastic Wave Scattering},
    booktitle = {Scattering and Inverse Scattering in Pure and Applied Science},
    editor    = {Pike, R. and Sabatier, P.},
    publisher = {Academic Press},
    pages     = {528--542},
    year      = {2002},
    address   = {San Diego},
    doi       = {10.1016/B978-012613760-6/50040-2}
}

@article{sommerfeld1916,
    author  = {Arnold Sommerfeld},
    title   = {Zur Quantentheorie der Spektrallinien},
    journal = {Annalen der Physik},
    year    = {1916},
    volume  = {356},
    number  = {17},
    pages   = {1--94},
    doi     = {10.1002/andp.19163561702}
}

@article{stanyukovich2008evolution,
    author = {Stanyukovich, Kyril P.},
    title = {On the Evolution of the Fundamental Physical Constants},
    journal = {The Abraham Zelmanov Journal},
    year = {2008},
    volume = {1},
    pages = {118--123},
    url = {http://www.zelmanov.org/archives/1074}
}

@article{stedman1997,
    author    = {G. E. Stedman},
    title     = {Ring-laser tests of fundamental physics and geophysics},
    journal   = {Reports on Progress in Physics},
    volume    = {60},
    number    = {6},
    pages     = {615--688},
    year      = {1997},
    doi       = {10.1088/0034-4885/60/6/001}
}

@article{Steinhauer2016,
    title={Observation of quantum Hawking radiation and its entanglement in an analogue black hole},
    author={Steinhauer, Jeff},
    journal={Nature Physics},
    volume={12},
    pages={959--965},
    year={2016},
    doi={10.1038/nphys3863}
}

@article{steinhauer2016hawking,
    author       = {Steinhauer, Jeff},
    title        = {Observation of quantum Hawking radiation and its entanglement in an analogue black hole},
    journal      = {Nature Physics},
    volume       = {12},
    number       = {10},
    pages        = {959--965},
    year         = {2016},
    doi          = {10.1038/nphys3863},
    url          = {https://doi.org/10.1038/nphys3863}
}

@article{stone2000superfluidity,
    title={Superfluidity and Quantum Fluids},
    author={Stone, Michael},
    journal={arXiv preprint cond-mat/0003426},
    year={2000}
}

@book{storms2010,
    author    = {Edmund Storms},
    title     = {The Science of Low Energy Nuclear Reaction},
    publisher = {World Scientific},
    year      = {2010}
}

@book{Storms2021,
    author = {Storms, Edmund},
    title = {The Explanation of Low Energy Nuclear Reaction},
    publisher = {Infinite Energy Press},
    year = {2021},
    edition = {2nd}
}

@article{strangeway2005alfven,
    title={Alfvén waves: An MHD approach},
    author={Strangeway, Robert J.},
    journal={Advances in Space Research},
    volume={36},
    number={12},
    pages={2342--2348},
    year={2005},
    publisher={Elsevier}
}

@article{superconducting_flux,
    author = {Antonio Vettoliere and Carmine Granata},
    title = {Superconducting Quantum Magnetometer Based on Flux Focusing Effect for High-Sensitivity Applications},
    journal = {Sensors},
    volume = {24},
    pages = {3998},
    year = {2024}
}

@article{superconducting_flux_focusing,
    author = {Antonio Vettoliere and Carmine Granata},
    title = {Superconducting Quantum Magnetometer Based on Flux Focusing Effect},
    journal = {Sensors},
    year = {2024},
    volume = {24},
    pages = {3998}
}

@article{superfluid_he_interferometers,
    author = {Yuki Sato and Richard Packard},
    title = {Superfluid helium interferometers},
    journal = {Physics Today},
    year = {2012},
    volume = {65},
    pages = {31-37}
}

@article{superfluid_helium,
    author = {Yuki Sato and Richard Packard},
    title = {Superfluid Helium Interferometers},
    journal = {Physics Today},
    volume = {65},
    pages = {31--37},
    year = {2012}
}

@article{suryanarayanan2000,
    author    = {A. Suryanarayanan and R. Narasimha},
    title     = {Vortex core dynamics in confined environments},
    journal   = {Indian Journal of Fluid Mechanics},
    year      = {2000}
}

@article{tait1877knots,
    author = {Peter Guthrie Tait},
    title = {On Knots. I},
    journal = {Transactions of the Royal Society of Edinburgh},
    volume = {28},
    pages = {145--190},
    year = {1877},
    url = {https://archive.org/details/onknotspt1tait1877}
}

@inproceedings{tajmar2006,
    author    = {Martin Tajmar and Clovis J. de Matos},
    title     = {Gravitomagnetic Fields in Rotating Superconductors to Solve Tajmar et al. 2006 Experiment},
    booktitle = {AIP Conference Proceedings},
    volume    = {880},
    pages     = {1073--1082},
    year      = {2006},
    doi       = {10.1063/1.2404563}
}

@inproceedings{tajmar2006experimental,
    title={Experimental Detection of the Gravitomagnetic London Moment},
    author={Tajmar, Martin and others},
    booktitle={AIP Conference Proceedings},
    volume={880},
    number={1},
    pages={1073--1082},
    year={2006}
}

@inproceedings{tajmar2006gravitomagnetic,
    author = {Martin Tajmar and others},
    title = {Experimental Detection of the Gravitomagnetic London Moment},
    booktitle = {AIP Conference Proceedings},
    volume = {880},
    number = {1},
    year = {2006},
    pages = {1073-1082}
}

@article{takahashi2015,
    author  = {Akito Takahashi},
    title   = {Mechanism of Nuclear Reaction in BEC-like Clusters},
    journal = {Journal of Condensed Matter Nuclear Science},
    volume  = {15},
    pages   = {197--202},
    year    = {2015}
}

@article{taleyarkhan2002,
    author  = {R. P. Taleyarkhan et al.},
    title   = {Evidence for Nuclear Emissions During Acoustic Cavitation},
    journal = {Science},
    volume  = {295},
    number  = {5561},
    pages   = {1868--1873},
    year    = {2002},
    doi     = {10.1126/science.1067589}
}

@article{Tao2021,
    author    = {R. Tao and H. Ren and Y. Tong and S. Xiong},
    title     = {Construction and evolution of knotted vortex tubes in incompressible Schrödinger flow},
    journal   = {Physics of Fluids},
    volume    = {33},
    pages     = {077112},
    year      = {2021},
    doi       = {10.1063/5.0058109}
}

@article{tejeiro2011noncomm,
    author = {Tejeiro, Juan M. and Larrañaga, Alexis},
    title = {A Three-Dimensional Charged Black Hole Inspired by Non-Commutative Geometry},
    journal = {The Abraham Zelmanov Journal},
    year = {2011},
    volume = {4},
    pages = {28--34},
    url = {http://www.zelmanov.org/archives/1236}
}

@book{thompson2007,
    title={Scale Relativity and Fractal Space-Time},
    author={Nottale, Laurent},
    publisher={Imperial College Press},
    year={2007}
}

@book{thomson1867treatise,
    author    = {William Thomson and Peter Guthrie Tait},
    title     = {Treatise on Natural Philosophy},
    year      = {1867},
    publisher = {Clarendon Press},
    address   = {Oxford}
}

@article{thomson1867vortex,
    author = {William Thomson (Lord Kelvin)},
    title = {On Vortex Atoms},
    journal = {Proceedings of the Royal Society of Edinburgh},
    volume = {6},
    pages = {94-105},
    year = {1867}
}

@book{thomson1890knots,
    author = {William Thomson (Lord Kelvin)},
    title = {Baltimore Lectures on Molecular Dynamics and the Wave Theory of Light},
    year = {1904},
    publisher = {C. J. Clay and Sons, Cambridge University Press},
    url = {https://archive.org/details/baltimorelecture00kelvuoft}
}

@article{thomson_knots,
    author = {W. Thomson},
    title = {On Vortex Atoms},
    journal = {Philosophical Magazine},
    year = {1867},
    volume = {34},
    pages = {15-24}
}

@article{thomson_vortex,
    author = {W. Thomson (Lord Kelvin)},
    title = {On Vortex Atoms},
    journal = {Philosophical Magazine},
    year = {1867},
    volume = {34},
    pages = {15-24}
}

@article{thomson_vortex_1867,
    author = {Thomson, William (Lord Kelvin)},
    title = {On Vortex Motion},
    journal = {Philosophical Magazine},
    volume = {34},
    number = {226},
    pages = {15--24},
    year = {1867}
}

@book{thorne1986blackholes,
  author={Thorne, Kip S. and Misner, Charles W. and Wheeler, John Archibald},
  title={Gravitation},
  publisher={W. H. Freeman},
  year={1986}
}

@misc{thorne2008,
    author    = {K. Thorne and R. Blandford},
    title     = {Applications of Classical Physics},
    note      = {Caltech Lecture Notes},
    year      = {2008},
    howpublished = {\url{http://www.pmaweb.caltech.edu/Courses/ph136/yr2012/1200.1.K-withContents.pdf}}
}

@book{tilley_superfluidity_1990,
    author = {Tilley, David R. and Tilley, John},
    title = {Superfluidity and Superconductivity},
    year = {1990},
    publisher = {Institute of Physics Publishing},
    edition = {3rd},
    isbn = {9780750300332}
}

@article{unruh1981,
    author  = {Unruh, W. G.},
    title   = {Experimental Black-Hole Evaporation?},
    journal = {Physical Review Letters},
    volume  = {46},
    pages   = {1351--1353},
    year    = {1981},
    doi     = {10.1103/RevModPhys.39.475}
}

@article{uzan2011varying,
    title={Varying constants, gravitation and cosmology},
    author={Uzan, Jean-Philippe},
    journal={Living Reviews in Relativity},
    volume={14},
    number={1},
    pages={1--131},
    year={2011},
    publisher={Springer}
}

@article{verlinde2010,
    author = {Erik Verlinde},
    title = {On the Origin of Gravity and the Laws of Newton},
    journal = {Journal of High Energy Physics},
    year = {2010},
    volume = {2011},
    pages = {29-42}
}

@article{verlinde2010emergent,
    author = {Verlinde, Erik P.},
    title = {On the Origin of Gravity and the Laws of Newton},
    journal = {Journal of High Energy Physics},
    year = {2011},
    volume = {2011},
    number = {4},
    pages = {29},
    doi = {10.1007/JHEP04(2011)029},
    archivePrefix = {arXiv},
    eprint = {1001.0785},
    primaryClass = {hep-th}
}

@article{Verlinde2011,
    title={On the Origin of Gravity and the Laws of Newton},
    author={Verlinde, Erik},
    journal={Journal of High Energy Physics},
    volume={2011},
    number={4},
    pages={29},
    year={2011},
    eprint={arXiv:1001.0785},
    archivePrefix={arXiv},
    primaryClass={hep-th}
}

@article{verlinde2011emergent,
  title={On the origin of gravity and the laws of Newton},
  author={Verlinde, Erik P.},
  journal={Journal of High Energy Physics},
  volume={2011},
  number={4},
  pages={29},
  year={2011},
  doi={10.1007/JHEP04(2011)029}
}

@article{verlinde2011origin,
  title={On the origin of gravity and the laws of Newton},
  author={Verlinde, Erik},
  journal={Journal of High Energy Physics},
  volume={2011},
  number={4},
  pages={29},
  year={2011}
}

@article{Verlinde2016,
    title={Emergent Gravity and the Dark Universe},
    author={Verlinde, Erik},
    journal={SciPost Physics},
    volume={2},
    number={3},
    pages={016},
    year={2017},
    eprint={arXiv:1611.02269},
    archivePrefix={arXiv},
    primaryClass={hep-th}
}

@article{verlinde2016emergent,
    title={Emergent gravity and the dark universe},
    author={Verlinde, Erik P},
    journal={SciPost Physics},
    volume={2},
    number={3},
    pages={016},
    year={2017},
    doi={10.21468/SciPostPhys.2.3.016}
}

@article{verlinde2017emergent,
    title={Emergent Gravity and the Dark Universe},
    author={Verlinde, Erik P.},
    journal={SciPost Physics},
    volume={2},
    number={3},
    pages={016},
    year={2017},
    publisher={SciPost},
    doi={10.21468/SciPostPhys.2.3.016},
    url={https://scipost.org/10.21468/SciPostPhys.2.3.016}
}

@misc{verlinde2021qft,
    author    = {Erik Verlinde},
    title     = {Lecture Notes on Quantum Field Theory},
    year      = {2021},
    howpublished = {\url{https://www.youtube.com/watch?v=J8VZbmNFe7A}},
    note      = {University of Amsterdam, online lectures}
}

@article{vesely2001solar,
    title={Solar gravitational redshift and the line shift problem},
    author={Vesely, F.J.},
    journal={Solar Physics},
    volume={203},
    number={1},
    pages={53--67},
    year={2001},
    doi={10.1023/A:1013317405920}
}

@article{vessot_levine_1980,
    author = {Vessot, R. F. C. and Levine, M. W. and et al.},
    title = {Test of Relativistic Gravitation with a Space-Borne Hydrogen Maser},
    journal = {Physical Review Letters},
    volume = {45},
    number = {26},
    pages = {2081--2084},
    year = {1980},
    doi = {10.1103/PhysRevLett.45.2081}
}

@book{vinen2001physics,
    title={The Physics of Superfluid Helium},
    author={Vinen, W. F.},
    year={2001},
    publisher={School of Physics and Astronomy, University of Birmingham}
}

@article{vinen2001superfluid,
    author = {W F Vinen},
    title = {The Physics of Superfluid Helium},
    journal = {School of Physics and Astronomy, University of Birmingham},
    year = {2001}
}

@article{vinen2002,
    author = {W. F. Vinen},
    title = {The Physics of Superfluid Helium},
    journal = {CERN},
    year = {2002},
    pages = {1-34}
}

@article{vinen2004,
    author = {W. F. Vinen},
    title = {The physics of superfluid helium},
    journal = {Reports on Progress in Physics},
    volume = {67},
    number = {4},
    pages = {523-586},
    year = {2004},
    doi = {10.1088/0034-4885/67/4/R01}
}

@article{vinen2005physics,
    title={The Physics of Superfluid Helium},
    author={Vinen, W.F.},
    journal={Annual Review of Fluid Mechanics},
    volume={38},
    pages={431--450},
    year={2005}
}

@article{Vinen2008,
    author = {W. F. Vinen},
    title = {An Introduction to Quantum Turbulence},
    journal = {Journal of Low Temperature Physics},
    volume = {145},
    pages = {7-24},
    year = {2008}
}

@article{vinen2024,
    author = {W. F. Vinen},
    title = {The Physics of Superfluid Helium},
    journal = {Journal of Physics and Astronomy},
    year = {2024},
    doi = {10.1017/jfm.2021.943}
}

@article{visser1998acoustic,
    author       = {Visser, Matt},
    title        = {Acoustic black holes: Horizons, ergospheres and Hawking radiation},
    journal      = {Classical and Quantum Gravity},
    volume       = {15},
    number       = {6},
    pages        = {1767},
    year         = {1998}
}

@book{volovik2003,
    author = {G. E. Volovik},
    title = {The Universe in a Helium Droplet},
    publisher = {Clarendon Press},
    year = {2003}
}

@book{volovik2003universe,
    title     = {The Universe in a Helium Droplet},
    author    = {Volovik, G. E.},
    year      = {2003},
    publisher = {Oxford University Press},
    address   = {Oxford, UK},
    isbn      = {9780198507826}
}

@book{Volovik2003UniverseInHelium,
    title = {The Universe in a Helium Droplet},
    author = {Volovik, G. E.},
    year = {2003},
    publisher = {Oxford University Press},
    address = {Oxford, UK},
    isbn = {9780199564842},
    note = {Explores the emergence of relativistic and quantum behavior in condensed matter systems}
}

@book{volovik2009universe,
    title={The Universe in a Helium Droplet},
    author={Volovik, G. E.},
    year={2009},
    publisher={Oxford University Press}
}

@article{vortex_dynamics_superfluid,
    author = {V B Eltsov and M Krusius and G E Volovik},
    title = {Vortex formation and dynamics in superfluid ³He},
    journal = {arXiv:cond-mat/9809125},
    year = {2004}
}

@unpublished{wang1999,
    author    = {S. Wang and M. Gharib},
    title     = {Experimental study of a vortex ring interacting with a shear layer},
    year      = {1999},
    note      = {Unpublished or conference presentation}
}

@book{weinberg1995quantum,
  title={The Quantum Theory of Fields},
  author={Weinberg, Steven},
  volume={1},
  year={1995},
  publisher={Cambridge University Press}
}

@article{weinfurtner2011hawking,
    author       = {Weinfurtner, Silke and Tedford, Edward W. and Penrice, Matthew C. J. and Unruh, William G. and Lawrence, Gregory A.},
    title        = {Measurement of stimulated Hawking emission in an analogue system},
    journal      = {Physical Review Letters},
    volume       = {106},
    number       = {2},
    pages        = {021302},
    year         = {2011},
    doi          = {10.1103/PhysRevLett.106.021302},
    url          = {https://doi.org/10.1103/PhysRevLett.106.021302}
}

@article{weisberg2016,
    author = {Weisberg, Joel M. and Huang, Yin},
    title = {Relativistic Measurements from Timing the Binary Pulsar PSR B1913+16},
    journal = {The Astrophysical Journal},
    year = {2016},
    volume = {829},
    number = {1},
    pages = {55},
    doi = {10.3847/0004-637X/829/1/55}
}

@article{weisberg2016relativistic,
    title={The relativistic binary pulsar B1913+16: Thirty years of observations and analysis},
    author={Weisberg, Joel M and Taylor, Joseph H},
    journal={Astrophysical Journal},
    volume={576},
    number={2},
    pages={942--949},
    year={2005},
    doi={10.1086/341894}
}

@article{weiss2021,
    author = {Weiss, Lothar and Scheeler, Martin and Kleckner, Dustin and Irvine, William T. M.},
    title = {Topologically stabilized vortex knots in Bose–Einstein condensates},
    journal = {Nature Communications},
    volume = {12},
    pages = {5210},
    year = {2021},
    doi = {10.1038/s41467-021-25436-3}
}

@misc{widom2005,
    author       = {A. Widom and L. Larsen},
    title        = {Ultra Low Momentum Neutron Catalyzed Reactions},
    howpublished = {arXiv preprint cond-mat/0505026},
    year         = {2005},
    url          = {https://arxiv.org/abs/cond-mat/0505026}
}

@article{wilczek1999,
    author = {Frank Wilczek},
    title = {Quantum Field Theory},
    journal = {Reviews of Modern Physics},
    volume = {71},
    pages = {S85-S95},
    year = {1999},
    doi = {10.1103/RevModPhys.71.S85}
}

@article{Wilczek1999,
    author = {Frank Wilczek},
    title = {Quantum Field Theory},
    journal = {Reviews of Modern Physics},
    volume = {71},
    pages = {S85-S95},
    year = {1999}
}

@article{will2014confrontation,
    title={The Confrontation between General Relativity and Experiment},
    author={Will, Clifford M.},
    journal={Living Reviews in Relativity},
    volume={17},
    number={1},
    pages={4},
    year={2014},
    doi={10.12942/lrr-2014-4}
}

@article{witten1989quantum,
    title={Quantum field theory and the Jones polynomial},
    author={Witten, Edward},
    journal={Communications in Mathematical Physics},
    volume={121},
    pages={351--399},
    year={1989},
    publisher={Springer}
}

@article{witten1995,
    author = {Edward Witten},
    title = {String Theory Dynamics in Various Dimensions},
    journal = {Nuclear Physics B},
    year = {1995},
    volume = {443},
    pages = {85-126},
    doi = {10.1016/0550-3213(95)00158-0}
}

@book{wu1981,
    author    = {J.-Z. Wu},
    title     = {Theory of Vorticity and Vortex Dynamics},
    publisher = {Springer},
    year      = {1981}
}

@article{Xu2020,
    author = {Haofeng Xu and Nicolas Gomez-Vega and Devansh R. Agrawal and Steven R. H. Barrett},
    title = {Higher Thrust-to-Power with Large Electrode Gap Spacing Electroaerodynamic Devices for Aircraft Propulsion},
    journal = {Journal of Physics D: Applied Physics},
    year = {2020},
    note = {Submitted}
}

@article{yakovenko2021fluid,
    author = {I. A. Yakovenko},
    title = {Electromagnetism and fluid dynamics analogy revisited},
    journal = {Physics Today},
    year = {2021},
    volume = {74},
    number = {3},
    pages = {66},
    doi = {10.1063/PT.3.4680}
}

@article{yang_baxter_eq,
    author    = {C. N. Yang and R. J. Baxter},
    title     = {Solutions of the Yang-Baxter Equation in Knot Theory and Quantum Groups},
    journal   = {Journal of Mathematical Physics},
    year      = {1982},
    volume    = {23},
    number    = {4},
    pages     = {718-734},
    doi       = {10.1063/1.525236}
}

@article{young1801,
    author    = {Thomas Young},
    title     = {On the Theory of Light and Colours},
    journal   = {Philosophical Transactions of the Royal Society of London},
    volume    = {92},
    pages     = {12--48},
    year      = {1801},
    doi       = {10.1098/rstl.1802.0004}
}

@article{yuan1991,
    author    = {W. Yuan and H. E. Fiedler},
    title     = {Experiments on a vortex in a shear flow},
    journal   = {Experiments in Fluids},
    volume    = {10},
    pages     = {318--324},
    year      = {1991}
}

@article{zhang2025computational,
  author       = {Zixin Zhang and others},
  title        = {Computational Modelling of the Semi-Classical Quantum Vacuum in 3D},
  journal      = {Communications Physics},
  year         = {2025},
  doi          = {10.1038/s42005-025-02128-8}
}

@article{zhang2025simulation,
  title={Computational modelling of the semi-classical quantum vacuum in 3D},
  author={Zhang, Z. et al.},
  journal={Communications Physics},
  year={2025}
}

@article{zhao2021,
    author = {Xinran Zhao and Zongxin Yu and Jean-Baptiste Chapelier and Carlo Scalo},
    title = {Direct Numerical and Large-Eddy Simulation of Trefoil Knotted Vortices},
    journal = {Journal of Fluid Mechanics},
    volume = {910},
    year = {2021},
    pages = {A31}
}

@article{Zhao2021,
    author = {Xinran Zhao and others},
    title = {Direct Numerical and Large-Eddy Simulation of Trefoil Knotted Vortices},
    journal = {Journal of Fluid Mechanics},
    volume = {910},
    pages = {A31},
    year = {2021},
    doi = {10.1017/jfm.2020.943}
}

@article{zhao2021trefoil,
    author = {Xinran Zhao and others},
    title = {Direct Numerical and Large-Eddy Simulation of Trefoil Knotted Vortices},
    journal = {Journal of Fluid Mechanics},
    volume = {910},
    year = {2021},
    pages = {A31},
    doi = {10.1017/jfm.2020.943}
}

@article{Zheng2023Hopfions,
    author    = {Fengshan Zheng and Nikolai S. Kiselev and Filipp N. Rybakov and Luyan Yang and Stefan Blügel and Rafal E. Dunin-Borkowski},
    title     = {Hopfion Rings in a Cubic Chiral Magnet},
    journal   = {Nature Communications (preprint)},
    year      = {2023},
    doi       = {10.1038/s41467-020-15474-8},
    url       = {https://doi.org/10.1038/s41467-020-15474-8}
}

@article{Zhu2004PdSAW,
    author    = {Zhu, Huijie and He, Xiaoyuan and Lin, Hong and Tu, Gaofeng and Chen, Xinqing and Zhuang, Xiaodong},
    title     = {Thin-Film Surface Acoustic Wave Hydrogen Sensors Based on Palladium},
    journal   = {Sensors and Actuators B: Chemical},
    volume    = {101},
    number    = {1--2},
    year      = {2004},
    pages     = {173--177},
    doi       = {10.1016/j.snb.2004.02.043}
}

@article{zmeev2018masssensor,
    title={An inertial mass sensing technique based on superfluid helium},
    author={Zmeev, Dmitry E and Golov, Andrei I and Pickett, George R},
    journal={New Journal of Physics},
    volume={20},
    number={3},
    pages={035011},
    year={2018},
    doi={10.1088/1367-2630/aab16c}
}

@misc{znidarsic2010,
    author       = {Frank Znidarsic},
    title        = {The Transitional Quantum State of Matter},
    howpublished = {PDF manuscript},
    year         = {2010},
    url          = {https://www.scribd.com/doc/47326165/theory-Frank-Znidarsic},
    note         = {Accessed 8 June 2025},
}

@misc{znidarsic2011,
    author       = {Frank Znidarsic},
    title        = {Photon Energy from a Wavelength Capacitor},
    howpublished = {PDF manuscript},
    year         = {2011},
    url          = {https://www.gsjournal.net/Science-Journals/Research%20Papers-Quantum%20Theory%20/%20Particle%20Physics/Download/4050},
    note         = {Accessed 8 June 2025},
}

@article{zuccher2012,
    author = {Zuccher, S. and Caliari, M. and Baggaley, A. W. and Barenghi, C. F.},
    title = {Quantum vortex reconnections and helicity conservation in superfluids},
    journal = {Physics of Fluids},
    volume = {24},
    number = {12},
    year = {2012},
    doi = {10.1063/1.4772198}
}

@book{zwiebach2009,
    author = {Barton Zwiebach},
    title = {A First Course in String Theory},
    publisher = {Cambridge University Press},
    year = {2009}
}

@article{abe2012optical,
  title={Optical motion control of maglev graphite},
  author={Abe, Jun and others},
  journal={Journal of the American Chemical Society},
  volume={134},
  number={50},
  pages={20593--20596},
  year={2012},
  publisher={ACS},
  doi={10.1021/ja310365k}
}

@article{biggs2019optical,
  title={Optical control and manipulation of diamagnetically levitated pyrolytic graphite},
  author={Biggs, Harrison and others},
  journal={AIP Advances},
  volume={9},
  number={12},
  pages={125038},
  year={2019},
  publisher={AIP Publishing},
  doi={10.1063/1.5132474}
}

@article{yee2021photothermal,
  title={Photothermal actuation of levitated pyrolytic graphite revised},
  author={Yee, Sarah and others},
  journal={Applied Physics Letters Materials},
  volume={9},
  number={10},
  pages={101107},
  year={2021},
  publisher={AIP Publishing},
  doi={10.1063/5.0059713}
}

@article{ewall2019optomechanical,
  title={Optomechanical actuation of diamagnetically levitated pyrolytic graphite},
  author={Ewall-Wice, Michael and others},
  journal={IEEE Transactions on Magnetics},
  volume={55},
  number={11},
  pages={1--6},
  year={2019},
  publisher={IEEE},
  doi={10.1109/TMAG.2019.2928451}
}

@misc{Iskandarani2025,
  author = {Omar Iskandarani},
  title = {Experimental Validation of the Vortex-Core Tangential Velocity \( C_e \)},
  year = {2025},
  note = {Appendix C, Vortex Æther Model},
  howpublished = {\url{https://doi.org/10.5281/zenodo.15684873}}
}
@article{Peierls1929,
    author    = {R. Peierls},
    title     = {Zur Theorie der spezifischen Wärme},
    journal   = {Annalen der Physik},
    volume    = {395},
    pages     = {1055},
    year      = {1929}
}

@article{AllenFeldman1993,
  author    = {P. B. Allen and J. L. Feldman},
  title     = {Thermal conductivity of disordered harmonic solids},
  journal   = {Physical Review B},
  volume    = {48},
  pages     = {12581},
  year      = {1993}
}

@article{Simoncelli2019Unified,
  author    = {M. Simoncelli and N. Marzari and F. Mauri},
  title     = {Unified theory of thermal transport in crystals and disordered solids},
  journal   = {Nature Physics},
  volume    = {18},
  pages     = {1180},
  year      = {2022},
  note      = {arXiv:1901.01964}
}

@article{Hardy1963,
  author    = {R. J. Hardy},
  title     = {Energy-Flux Operator for a Lattice},
  journal   = {Physical Review},
  volume    = {132},
  pages     = {168},
  year      = {1963}
}