@book{batchelor1953,
    author    = {G. K. Batchelor},
    title     = {The Theory of Homogeneous Turbulence},
    publisher = {Cambridge University Press},
    year      = {1953},
    doi       = {10.1017/CBO9780511895080}
}

@article{ranada1989knotted,
    title={Knotted solutions of the Maxwell equations in vacuum},
    author={Rañada, Antonio F.},
    journal={Journal of Physics A: Mathematical and General},
    volume={23},
    number={16},
    pages={L815},
    year={1989},
    doi={10.1088/0305-4470/23/16/002}
}

@article{vinen2002,
    author  = {W. F. Vinen},
    title   = {An introduction to quantum turbulence},
    journal = {Journal of Low Temperature Physics},
    volume  = {126},
    pages   = {167--231},
    year    = {2002},
    doi     = {10.1023/A:1019655118480}
}

@article{bewley2008,
    author  = {G. P. Bewley and M. S. Paoletti and K. R. Sreenivasan and D. P. Lathrop},
    title   = {Characterization of reconnecting quantized vortices in superfluid helium},
    journal = {Proceedings of the National Academy of Sciences},
    volume  = {105},
    number  = {37},
    pages   = {13707--13710},
    year    = {2008},
    doi     = {10.1073/pnas.0806002105}
}

@article{moffatt1969,
    author  = {H. K. Moffatt},
    title   = {The degree of knottedness of tangled vortex lines},
    journal = {Journal of Fluid Mechanics},
    volume  = {35},
    number  = {1},
    pages   = {117--129},
    year    = {1969},
    doi     = {10.1017/S0022112069000991}
}

@article{salmon1988,
    author    = {Salmon, R.},
    title     = {Hamiltonian fluid mechanics},
    journal   = {Annual Review of Fluid Mechanics},
    volume    = {20},
    pages     = {225--256},
    year      = {1988},
    doi       = {10.1146/annurev.fl.20.010188.001301}
}

@article{kleckner2013,
    author  = {D. Kleckner and W. T. M. Irvine},
    title   = {Creation and dynamics of knotted vortices},
    journal = {Nature Physics},
    volume  = {9},
    pages   = {253--258},
    year    = {2013},
    doi     = {10.1038/nphys2560}
}

@article{scheeler2014,
    author  = {M. W. Scheeler and D. Kleckner and D. Proment and G. L. Kindlmann and W. T. M. Irvine},
    title   = {Helicity conservation by flow across scales in reconnecting vortex links and knots},
    journal = {Proceedings of the National Academy of Sciences},
    volume  = {111},
    number  = {43},
    pages   = {15350--15355},
    year    = {2014},
    doi     = {10.1073/pnas.1407232111}
}

@article{bartlett1986,
    author  = {D. F. Bartlett and D. van Buren},
    title   = {Equivalence of inertial and gravitational mass in Newtonian theory},
    journal = {Physical Review Letters},
    volume  = {57},
    pages   = {21--24},
    year    = {1986},
    doi     = {10.1103/PhysRevLett.57.21}
}

@article{Barcelo2005AnalogueGravityReview,
    title = {Analogue Gravity},
    author = {Barceló, Carlos and Liberati, Stefano and Visser, Matt},
    journal = {Living Reviews in Relativity},
    volume = {8},
    number = {1},
    year = {2005},
    pages = {12},
    doi = {10.12942/lrr-2005-12},
    url = {https://doi.org/10.12942/lrr-2005-12},
    note = {A comprehensive review of analog models of gravity, including superfluid systems}
}

@book{Volovik2003UniverseInHelium,
    title = {The Universe in a Helium Droplet},
    author = {Volovik, G. E.},
    year = {2003},
    publisher = {Oxford University Press},
    address = {Oxford, UK},
    isbn = {9780199564842},
    note = {Explores the emergence of relativistic and quantum behavior in condensed matter systems}
}

@article{Kleckner2013KnottedVortices,
    title = {Creation and dynamics of knotted vortices},
    author = {Kleckner, Dustin and Irvine, William T. M.},
    journal = {Nature Physics},
    volume = {9},
    pages = {253--258},
    year = {2013},
    doi = {10.1038/nphys2560},
    url = {https://doi.org/10.1038/nphys2560},
    note = {Experimental demonstration of stable knotted vortices in classical fluids}
}

@book{Pethick2008BEC,
    title={Bose-Einstein Condensation in Dilute Gases},
    author={Pethick, C. J. and Smith, H.},
    year={2008},
    publisher={Cambridge University Press},
    edition={2nd},
    isbn={9780521846514}
}

@book{Donnelly1991QuantizedVortices,
    title={Quantized Vortices in Helium II},
    author={Donnelly, Russell J.},
    year={1991},
    publisher={Cambridge University Press},
    isbn={9780521361055}
}

@article{Lattimer2016EOS,
    title={The Equation of State of Hot, Dense Matter and Neutron Stars},
    author={Lattimer, J. M. and Prakash, M.},
    journal={Physics Reports},
    volume={621},
    pages={127--164},
    year={2016},
    doi={10.1016/j.physrep.2015.12.005}
}

@book{khalatnikov2000,
    title={An Introduction to the Theory of Superfluidity},
    author={Khalatnikov, I. M.},
    publisher={Westview Press},
    year={2000},
    isbn={978-0813348770}
}

@article{barcelo2011,
    title={Analogue gravity},
    author={Barcel{\'o}, Carlos and Liberati, Stefano and Visser, Matt},
    journal={Living Reviews in Relativity},
    volume={14},
    number={1},
    pages={3},
    year={2011},
    doi={10.12942/lrr-2011-3}
}

@article{kiehn2005topological,
    title={Topological Torsion and Charge Quantization},
    author={Kiehn, Robert M.},
    journal={arXiv preprint physics/0505037},
    year={2005},
    url={https://arxiv.org/abs/physics/0505037}
}



@article{ranada1989topological,
    title={Topological electromagnetism},
    author={Ra{\~n}ada, Antonio F},
    journal={Journal of Physics A: Mathematical and General},
    volume={23},
    number={16},
    pages={L815},
    year={1990},
    doi={10.1088/0305-4470/23/16/002}
}

@article{bowick1994charge,
    title={The topology of gauge fields and the origin of electric charge},
    author={Bowick, Mark J and Chandar, L and Schwarz, Albert},
    journal={Nuclear Physics B},
    volume={437},
    number={2-3},
    pages={491--508},
    year={1995},
    doi={10.1016/0550-3213(94)00480-6}
}

@article{sidharth2006vortex,
    title={Vortices in the Quantum Vacuum and the Origin of Charge},
    author={Sidharth, B. G.},
    journal={arXiv preprint physics/0603129},
    year={2006},
    url={https://arxiv.org/abs/physics/0603129}
}


@article{sbitnev2015hydro2,
    title={Hydrodynamics of the physical vacuum: II. Vorticity dynamics},
    author={Sbitnev, Valeriy I.},
    volume={27},
    number={3},
    pages={037103},
    publisher={AIP},
    journal={arXiv preprint arXiv:1505.04524},
    year={2015},
    url={https://arxiv.org/abs/1505.04524}
}

@book{scharf2016force,
    title={The Maximum Force in General Relativity: An Introduction to Physics without Infinities},
    author={Scharf, Günter},
    year={2016},
    publisher={CreateSpace}
}

@book{volovik2003universe,
    title     = {The Universe in a Helium Droplet},
    author    = {Volovik, G. E.},
    year      = {2003},
    publisher = {Oxford University Press},
    address   = {Oxford, UK},
    isbn      = {9780198507826}
}
@misc{iskandarani2025timedilation,
  author    = {Omar Iskandarani},
  title     = {Time Dilation in a 3D Superfluid Æther Model, Based on Vortex Core Rotation and Ætheric Flow},
  year      = {2025},
  month     = may,
  note      = {Independent Researcher, Groningen, The Netherlands. Licensed under CC-BY 4.0},
  doi       = {10.5281/zenodo.15566319},
  howpublished = {\url{https://doi.org/10.5281/zenodo.15566319}},
  orcid     = {0009-0006-1686-3961}
}

@misc{iskandarani2025swirlgravity,
  author    = {Omar Iskandarani},
  title     = {Swirl Clocks and Vorticity-Induced Gravity},
  year      = {2025},
  month     = may,
  doi       = {10.5281/zenodo.15566336},
  howpublished = {\url{https://doi.org/10.5281/zenodo.15566336}},
  note      = {Independent Researcher, Groningen, The Netherlands. Licensed under CC-BY 4.0},
  orcid     = {0009-0006-1686-3961}
}

@book{kauffman1991knots,
  title={Knots and Physics},
  author={Kauffman, Louis H},
  year={1991},
  publisher={World Scientific}
}

@article{faddeev1997knots,
  title={Knots and particles},
  author={Faddeev, Ludvig and Niemi, Antti J},
  journal={Nature},
  volume={387},
  number={6628},
  pages={58--61},
  year={1997},
  publisher={Nature Publishing Group}
}

@article{witten1989quantum,
  title={Quantum field theory and the Jones polynomial},
  author={Witten, Edward},
  journal={Communications in Mathematical Physics},
  volume={121},
  number={3},
  pages={351--399},
  year={1989},
  publisher={Springer}
}

@article{kleckner2013creation,
  title={Creation and dynamics of knotted vortices},
  author={Kleckner, Dustin and Irvine, William TM},
  journal={Nature Physics},
  volume={9},
  number={4},
  pages={253--258},
  year={2013},
  publisher={Nature Publishing Group}
}

@article{ray2015observation,
  title={Observation of Dirac monopoles in a synthetic magnetic field},
  author={Ray, Mallik W and Ruokokoski, E and Kandel, S and M{\"o}tt{\"o}nen, M and Hall, David S},
  journal={Nature},
  volume={505},
  number={7485},
  pages={657--660},
  year={2015},
  publisher={Nature Publishing Group}
}

@article{bateman1915aether,
  author    = {Bateman, Harry},
  title     = {The Structure of the Æther},
  journal   = {Proceedings of the American Mathematical Society},
  year      = {1915},
  volume    = {16},
  pages     = {299--309},
  url       = {https://archive.org/details/AetherAndMatterBateman1915}
}

@article{faddeev1997stable,
  author    = {L. D. Faddeev and A. J. Niemi},
  title     = {Stable knot-like structures in classical field theory},
  journal   = {Nature},
  volume    = {387},
  pages     = {58--61},
  year      = {1997},
  doi       = {10.1038/387058a0}
}

@article{arrayas2017knots,
  author    = {Manuel Arrayás and Daniel Bouwmeester and José L. Trueba},
  title     = {Knots in electromagnetism},
  journal   = {Physics Reports},
  volume    = {667},
  pages     = {1--61},
  year      = {2017},
  doi       = {10.1016/j.physrep.2016.11.001}
}

@article{baumann2023black,
  title={Black hole binaries and light fields: gravitational molecules},
  author={Baumann, Daniel and Green, Daniel and Porto, Rafael A and Zeng, Zixian},
  journal={Physical Review D},
  volume={107},
  number={10},
  pages={104051},
  year={2023},
  publisher={APS},
  doi={10.1103/PhysRevD.107.104051}
}

@article{mashhoon2001gravito,
  title={Gravitoelectromagnetism: A brief review},
  author={Mashhoon, Bahram},
  journal={arXiv preprint gr-qc/0311030},
  year={2003},
  note={\url{https://arxiv.org/abs/gr-qc/0311030}}
}

@article{Verlinde2011,
  title={On the Origin of Gravity and the Laws of Newton},
  author={Verlinde, Erik},
  journal={Journal of High Energy Physics},
  volume={2011},
  number={4},
  pages={29},
  year={2011},
  eprint={arXiv:1001.0785},
  archivePrefix={arXiv},
  primaryClass={hep-th}
}

@article{Verlinde2016,
  title={Emergent Gravity and the Dark Universe},
  author={Verlinde, Erik},
  journal={SciPost Physics},
  volume={2},
  number={3},
  pages={016},
  year={2017},
  eprint={arXiv:1611.02269},
  archivePrefix={arXiv},
  primaryClass={hep-th}
}

@article{Jacobson1995,
  title={Thermodynamics of spacetime: The Einstein equation of state},
  author={Ted Jacobson},
  journal={Physical Review Letters},
  volume={75},
  number={7},
  pages={1260--1263},
  year={1995}
}

@misc{verlinde2021qft,
  author    = {Erik Verlinde},
  title     = {Lecture Notes on Quantum Field Theory},
  year      = {2021},
  howpublished = {\url{https://www.youtube.com/watch?v=J8VZbmNFe7A}},
  note      = {University of Amsterdam, online lectures}
}

@book{pethick2002bose,
  title={Bose-Einstein Condensation in Dilute Gases},
  author={Pethick, C.J. and Smith, H.},
  year={2002},
  publisher={Cambridge University Press}
}

@article{moffatt1969degree,
  title={The degree of knottedness of tangled vortex lines},
  author={Moffatt, H.K.},
  journal={Journal of Fluid Mechanics},
  volume={35},
  number={1},
  pages={117--129},
  year={1969},
  publisher={Cambridge University Press}
}

@article{jackiw1990chern,
  title={Chern--Simons terms and gauge invariance in quantum mechanics},
  author={Jackiw, R.},
  journal={International Journal of Modern Physics B},
  volume={4},
  number={02},
  pages={161--170},
  year={1990},
  publisher={World Scientific}
}
@book{gross1996gauge,
  title={Gauge Theory and the Standard Model},
  author={Gross, David J.},
  year={1996},
  publisher={Cambridge University Press}
}

@article{strangeway2005alfven,
  title={Alfvén waves: An MHD approach},
  author={Strangeway, Robert J.},
  journal={Advances in Space Research},
  volume={36},
  number={12},
  pages={2342--2348},
  year={2005},
  publisher={Elsevier}
}
@article{verlinde2016emergent,
  title={Emergent gravity and the dark universe},
  author={Verlinde, Erik P},
  journal={SciPost Physics},
  volume={2},
  number={3},
  pages={016},
  year={2017},
  doi={10.21468/SciPostPhys.2.3.016}
}

@article{shapiro2004variation,
  title={Variation of the fine-structure constant caused by a dynamical cosmological term},
  author={Shapiro, I.L. and Sol{\`a}, J.},
  journal={Physics Letters B},
  volume={582},
  number={1--2},
  pages={105--114},
  year={2004},
  publisher={Elsevier}
}

@article{uzan2011varying,
  title={Varying constants, gravitation and cosmology},
  author={Uzan, Jean-Philippe},
  journal={Living Reviews in Relativity},
  volume={14},
  number={1},
  pages={1--131},
  year={2011},
  publisher={Springer}
}
@book{fetter1971nonuniform,
  title={Nonuniform states of an imperfect Bose gas},
  author={Fetter, Alexander L.},
  journal={Annals of Physics},
  volume={70},
  pages={67--101},
  year={1971},
  publisher={Elsevier}
}

@article{stone2000superfluidity,
  title={Superfluidity and Quantum Fluids},
  author={Stone, Michael},
  journal={arXiv preprint cond-mat/0003426},
  year={2000}
}

@article{verlinde2017emergent,
  title={Emergent Gravity and the Dark Universe},
  author={Verlinde, Erik P.},
  journal={SciPost Physics},
  volume={2},
  number={3},
  pages={016},
  year={2017},
  publisher={SciPost},
  doi={10.21468/SciPostPhys.2.3.016},
  url={https://scipost.org/10.21468/SciPostPhys.2.3.016}
}
