@article{Kelvin1867VortexAtoms,
    author    = {William Thomson (Lord Kelvin)},
    title     = {On Vortex Atoms},
    journal   = {Philosophical Magazine},
    year      = {1867},
    volume    = {34},
    number    = {232},
    pages     = {15--24},
    doi       = {10.1080/14786446708639813}
}

@book{Moffatt1990VortexHelicity,
    author    = {H. Keith Moffatt},
    title     = {The topology of helicity in fluid dynamics},
    booktitle = {Topological Aspects of the Dynamics of Fluids and Plasmas},
    publisher = {Springer},
    year      = {1990},
    pages     = {25--36},
    doi       = {10.1007/978-94-009-0625-4_3}
}

@article{Ricca1992EnergyHelicity,
    author    = {Renzo L. Ricca and H. Keith Moffatt},
    title     = {Helicity and the Calugareanu invariant},
    journal   = {Proceedings of the Royal Society A},
    year      = {1992},
    volume    = {439},
    number    = {1906},
    pages     = {411--429},
    doi       = {10.1098/rspa.1992.0159}
}

@article{Faddeev1997KnottedSolitions,
    author    = {L. D. Faddeev and Antti J. Niemi},
    title     = {Stable knot-like structures in classical field theory},
    journal   = {Nature},
    year      = {1997},
    volume    = {387},
    pages     = {58--61},
    doi       = {10.1038/387058a0}
}

@article{Kleckner2013KnotsVortex,
    author    = {Dustin Kleckner and William T. M. Irvine},
    title     = {Creation and dynamics of knotted vortices},
    journal   = {Nature Physics},
    year      = {2013},
    volume    = {9},
    pages     = {253--258},
    doi       = {10.1038/nphys2560}
}

@article{Iskandarani2025VAMKnopen,
    author    = {Omar Iskandarani},
    title     = {Torusknopen als Model voor Elementen in het Vortex-Ã†ther Model},
    journal   = {Ongepubliceerd manuscript},
    year      = {2025},
    note      = {In voorbereiding voor publicatie. ORCID: 0009-0006-1686-3961},
    url       = {https://omariskandarani.com/publicaties/vam-torusknopen}
}