@article{Kelvin1867-vortex,
    author    = {Thomson, William (Lord Kelvin)},
    title     = {On vortex atoms},
    journal   = {Proc. Roy. Soc. Edinburgh},
    volume    = {6},
    pages     = {94--105},
    year      = {1867}
}
@article{Rado2020-aether-Lorentz,
    author    = {Rado, Gy{\"o}rgy and Ginca, Ionel and {Di{\'o}si}, Lor{\'a}nd and {Van der Merwe}, Alwyn},
    title     = {The mass-energy equivalence and length contraction are consistent with a fluidic aether},
    journal   = {viXra preprint 2012.0153},
    year      = {2020},
    note      = {arXiv:2012.07395 [physics.gen-ph]}
}
@article{Levy2009-aether-clock,
    author    = {L{\'e}vy, Jacques},
    title     = {Aether theory of gravitation: Clock retardation versus special relativity time dilation},
    journal   = {Physics Essays},
    volume    = {22},
    number    = {1},
    pages     = {14-20},
    year      = {2009},
    note      = {arXiv:physics/0611077}
}
@article{Hamilton2004-river,
    author    = {Hamilton, Andrew J. S. and Lisle, Jason P.},
    title     = {The river model of black holes},
    journal   = {Am. J. Phys.},
    volume    = {76},
    pages     = {519-532},
    year      = {2008},
    doi       = {10.1119/1.2830526},
    note      = {arXiv:gr-qc/0411060}
}
@article{Winterberg2002-PlanckAether,
    author    = {Winterberg, Friedwardt},
    title     = {Maxwell’s Aether, the Planck Aether hypothesis, and Sommerfeld’s Fine Structure Constant},
    journal   = {Z. Naturforsch. A},
    volume    = {57},
    number    = {202-204},
    year      = {2002}
}
@article{Schiller2022-maxforce,
    author    = {Kenath, Arun and Schiller, Christoph and Sivaram, C.},
    title     = {From maximum force to the field equations of general relativity -- and implications},
    journal   = {Ann. Phys. (Berlin)},
    volume    = {534},
    number    = {7},
    pages     = {2200194},
    year      = {2022},
    doi       = {10.1002/andp.202200194},
    note      = {arXiv:2205.06302 [gr-qc]}
}


@article{deBroglie1924-frequency,
    author  = {Louis de Broglie},
    title   = {Recherches sur la théorie des quanta},
    journal = {Ann. de Physique},
    volume  = {10},
    number  = {3},
    year    = {1925},
    pages   = {22--128},
    note    = {Thesis presented to the Faculty of Sciences of Paris, 1924}
}
