@Misc{VAM-1,
  author	= {Omar Iskandarani},
  title		= {Time Dilation in a 3D Superfluid Æther Model},
  year		= {2025},
  note		= {(VAM-1)},
  keywords	= {vorticity, vortex knot, æther, time dilation, gravitational analogs, superfluid gravity, LENR, topological mass},
  howpublished	= {\url{https://doi.org/10.5281/zenodo.15669794}},
  url		= {https://github.com/bg-omar/VAM/releases},
  doi		= {10.5281/zenodo.15669794},
  orcid		= {0009-0006-1686-3961},
}

@Misc{VAM-2,
  author	= {Omar Iskandarani},
  title		= {Swirl Clocks and Vorticity-Induced Gravity: Reformulating Relativity in a Structured Vortex Æther},
  year		= {2025},
  note		= {(VAM-2)},
  howpublished	= {\url{https://doi.org/10.5281/zenodo.15566335}},
  url		= {https://github.com/bg-omar/VAM/releases},
  keywords	= {vorticity, vortex knot, æther, time dilation, gravitational analogs, superfluid gravity, LENR, topological mass},
  doi		= {10.5281/zenodo.15566335},
  orcid		= {0009-0006-1686-3961},
}

@Misc{VAM-3,
  author	= {Omar Iskandarani},
  title		= {Benchmarking the Vortex Æther Model Against General Relativity},
  year		= {2025},
  note		= {(VAM-3)},
  keywords	= {vorticity, vortex knot, æther, time dilation, gravitational analogs, superfluid gravity, LENR, topological mass},
  howpublished	= {\url{https://doi.org/10.5281/zenodo.15665432}},
  url		= {https://github.com/bg-omar/VAM/releases},
  doi		= {10.5281/zenodo.15665432},
  orcid		= {0009-0006-1686-3961},
}

@Misc{VAM-4,
  author	= {Omar Iskandarani},
  title		= {Emergent General Relativity from Structured Swirl Dynamics in the Vortex Æther Model (VAM)},
  year		= {2025},
  note		= {(VAM-4)},
  keywords	= {vorticity, vortex knot, æther, time dilation, gravitational analogs, superfluid gravity, LENR, topological mass},
  howpublished	= {\url{https://doi.org/10.5281/zenodo.15712577}},
  url		= {https://github.com/bg-omar/VAM/releases},
  doi		= {10.5281/zenodo.15712577},
  orcid		= {0009-0006-1686-3961},
}

@Misc{VAM-5,
  author	= {Omar Iskandarani},
  title		= {On a Vortex-Based Lagrangian Unification of Gravity and Electromagnetism},
  year		= {2025},
  note		= {(VAM-5)},
  keywords	= {vorticity, vortex knot, æther, time dilation, gravitational analogs, superfluid gravity, LENR, topological mass},
  howpublished	= {\url{https://doi.org/10.5281/zenodo.15772857}},
  url		= {https://github.com/bg-omar/VAM/releases},
  doi		= {10.5281/zenodo.15772857},
  orcid		= {0009-0006-1686-3961},
}

@Misc{VAM-6,
  author	= {Omar Iskandarani},
  title		= {Knotted Gauge Fields: Rebuilding the Standard Model from Vortex Æther Dynamics},
  year		= {2025},
  note		= {(VAM-6)},
  keywords	= {vorticity, vortex knot, æther, time dilation, gravitational analogs, superfluid gravity, LENR, topological mass},
  howpublished	= {\url{https://doi.org/10.5281/zenodo.15772832}},
  url		= {https://github.com/bg-omar/VAM/releases},
  doi		= {10.5281/zenodo.15772832},
  orcid		= {0009-0006-1686-3961},
}


@Misc{VAM-7,
  author	= {Omar Iskandarani},
  title		= {From Quantum Constants to Galactic Swirl: Deriving Æther Density in the VAM Framework},
  year		= {2025},
  note		= {(VAM-7)},
  keywords	= {vorticity, vortex knot, æther, time dilation, gravitational analogs, superfluid gravity, LENR, topological mass},
  howpublished	= {\url{https://doi.org/10.5281/zenodo.15701958}},
  url		= {https://github.com/bg-omar/VAM/releases},
  doi		= {10.5281/zenodo.15701958},
  orcid		= {0009-0006-1686-3961},
}


@Misc{VAM-8,
  author	= {Omar Iskandarani},
  title		= {The Vortex Æther Model: A Unified Topological Field Theory of Mass, Gravity, and Time},
  year		= {2025},
  note		= {(VAM-8)},
  keywords	= {vorticity, vortex knot, æther, time dilation, gravitational analogs, superfluid gravity, LENR, topological mass},
  howpublished	= {\url{https://doi.org/10.5281/zenodo.15848010}},
  url		= {https://github.com/bg-omar/VAM/releases},
  doi		= {10.5281/zenodo.15848010},
  orcid		= {0009-0006-1686-3961},
}


@Misc{VAM-9,
  author	= {Omar Iskandarani},
  title		= {Milky Way as a Chiral Swirl-Knot Network – Exclusion of Achiral Knots},
  year		= {2025},
  note		= {(VAM-9)},
  keywords	= {vorticity, vortex knot, æther, time dilation, gravitational analogs, superfluid gravity, LENR, topological mass},
  howpublished	= {\url{https://doi.org/10.5281/zenodo.15870399}},
  url		= {https://github.com/bg-omar/VAM/releases},
  doi		= {10.5281/zenodo.15870399},
  orcid		= {0009-0006-1686-3961},
}


@misc{VAM-10,
  author	= {Omar Iskandarani},
  title		= {Swirl-Induced Curvature as the Mechanism of Gravitation in the Vortex Æther Model},
  year		= {2025},
  note		= {(VAM-10)},
  keywords	= {vorticity, vortex knot, æther, time dilation, gravitational analogs, superfluid gravity, LENR, topological mass},
  howpublished	= {\url{https://doi.org/10.5281/zenodo.15870448}},
  url		= {https://github.com/bg-omar/VAM/releases},
  doi		= {10.5281/zenodo.15870448},
  orcid		= {0009-0006-1686-3961},
}

@misc{VAM-11,
  author	= {Omar Iskandarani},
  title		= {Master Equation for Particle Masses},
  year		= {2025},
  note		= {(VAM-11)},
  keywords	= {vorticity, vortex knot, æther, time dilation, gravitational analogs, superfluid gravity, LENR, topological mass},
  howpublished	= {\url{https://doi.org/10.5281/zenodo.16324153}},
  url		= {https://github.com/bg-omar/VAM/releases},
  doi		= {10.5281/zenodo.16324153},
  orcid		= {0009-0006-1686-3961},
}

@misc{VAM-12,
  author	= {Omar Iskandarani},
  title		= {Fractal Swirl Extension of the Vortex Æther Model (VAM)},
  year		= {2025},
  note		= {(VAM-12)},
  keywords	= {vorticity, vortex knot, æther, time dilation, gravitational analogs, superfluid gravity, LENR, topological mass},
  howpublished	= {\url{https://doi.org/10.5281/zenodo.16324782}},
  url		= {https://github.com/bg-omar/VAM/releases},
  doi		= {10.5281/zenodo.16324782},
  orcid		= {0009-0006-1686-3961},
}

@misc{VAM-13,
  author	= {Omar Iskandarani},
  title		= {Beyond Spacetime: A Fluid-Dynamic Theory of Gravity and Time from Vorticity},
  year		= {2025},
  note		= {(VAM-13)},
  keywords	= {vorticity, vortex knot, æther, time dilation, gravitational analogs, superfluid gravity, LENR, topological mass},
  howpublished	= {\url{https://doi.org/10.5281/zenodo.15706546}},
  url		= {https://github.com/bg-omar/VAM/releases},
  doi		= {10.5281/zenodo.15706546},
  orcid		= {0009-0006-1686-3961},
}

@misc{VAM-14,
  author	= {Omar Iskandarani},
  title		= {Topological & Fluid-Dynamic Lagrangian in the Vortex Æther Model},
  year		= {2025},
  note		= {(VAM-14)},
  keywords	= {vorticity, vortex knot, æther, time dilation, gravitational analogs, superfluid gravity, LENR, topological mass},
  howpublished	= {\url{https://doi.org/10.5281/zenodo.16325219}},
  url		= {https://github.com/bg-omar/VAM/releases},
  doi		= {10.5281/zenodo.16325219},
  orcid		= {0009-0006-1686-3961},
}

@misc{VAM-15,
  author	= {Omar Iskandarani},
  title		= {Quantum Mechanics and Quantum Gravity in the Vortex Æther Model A Reformulation Using Superuid Vorticity and Topology},
  year		= {2025},
  note		= {(VAM-15)},
  keywords	= {vorticity, vortex knot, æther, time dilation, gravitational analogs, superfluid gravity, LENR, topological mass},
  howpublished	= {\url{https://doi.org/10.5281/zenodo.15870859}},
  url		= {https://github.com/bg-omar/VAM/releases},
  doi		= {10.5281/zenodo.15870859},
  orcid		= {0009-0006-1686-3961},
}


@misc{iskandarani2025vam6,
    author       = {Iskandarani, Omar},
    title        = {Knotted Gauge Fields: Rebuilding the Standard Model from Vortex Æther Dynamics},
    year         = {2025},
    publisher    = {Independent Research},
    note         = {Preprint},
    howpublished = {\url{https://doi.org/10.5281/zenodo.15772832}},
    url          = {https://github.com/bg-omar/VAM/releases},
    doi          = {10.5281/zenodo.15772832},
    orcid        = {0009-0006-1686-3961},
    journal      = {(In preparation)},
}

@Book{maxwell1878britannica,
  author	= {James Clerk Maxwell},
  title		= {Æther},
  booktitle	= {Encyclopædia Britannica, 9th ed.},
  year		= {1878},
  publisher	= {A. & C. Black},
  url		= {https://en.wikisource.org/wiki/Encyclopædia_Britannica,_Ninth_Edition/Æther}
}

@Misc{einstein1920aether,
  author	= {Albert Einstein},
  title		= {Ether and the Theory of Relativity},
  year		= {1920},
  note		= {Lecture at the University of Leiden},
  url		= {https://en.wikisource.org/wiki/Ether_and_the_Theory_of_Relativity}
}

@Article{clausius1865entropy,
  author	= {Rudolf Clausius},
  title		= {On the Mechanical Theory of Heat},
  journal	= {Philosophical Magazine},
  year		= {1865},
  volume	= {30},
  pages		= {1–21},
  note		= {Introduced the concept of entropy},
  url		= {https://archive.org/details/onmechanicaltheo00claurich}
}

@Article{helmholtz1858vortices,
  author	= {Hermann von Helmholtz},
  title		= {On Integrals of the Hydrodynamical Equations which Express Vortex Motion},
  journal	= {Philosophical Magazine},
  volume	= {33},
  pages		= {485–512},
  year		= {1867},
  note		= {Originally published in German, 1858}
}

@InProceedings{maxwell1875molecules,
  author	= {James Clerk Maxwell},
  title		= {Molecules},
  booktitle	= {Popular Lectures and Addresses},
  year		= {1875},
  volume	= {1},
  pages		= {361--379},
  note		= {Delivered at the British Association for the Advancement of Science, Bradford},
  url		= {https://archive.org/details/popularlecturesa01maxw}
}

@Article{tait1877knots,
  author	= {Peter Guthrie Tait},
  title		= {On Knots. I},
  journal	= {Transactions of the Royal Society of Edinburgh},
  volume	= {28},
  pages		= {145--190},
  year		= {1877},
  url		= {https://archive.org/details/onknotspt1tait1877}
}

@Book{thomson1890knots,
  author	= {William Thomson (Lord Kelvin)},
  title		= {Baltimore Lectures on Molecular Dynamics and the Wave Theory of Light},
  year		= {1904},
  publisher	= {C. J. Clay and Sons, Cambridge University Press},
  url		= {https://archive.org/details/baltimorelecture00kelvuoft}
}