@book{batchelor1953,
    author    = {G. K. Batchelor},
    title     = {The Theory of Homogeneous Turbulence},
    publisher = {Cambridge University Press},
    year      = {1953},
    doi       = {10.1017/CBO9780511895080}
}

@article{vinen2002,
    author  = {W. F. Vinen},
    title   = {An introduction to quantum turbulence},
    journal = {Journal of Low Temperature Physics},
    volume  = {126},
    pages   = {167--231},
    year    = {2002},
    doi     = {10.1023/A:1019655118480}
}

@article{bewley2008,
    author  = {G. P. Bewley and M. S. Paoletti and K. R. Sreenivasan and D. P. Lathrop},
    title   = {Characterization of reconnecting quantized vortices in superfluid helium},
    journal = {Proceedings of the National Academy of Sciences},
    volume  = {105},
    number  = {37},
    pages   = {13707--13710},
    year    = {2008},
    doi     = {10.1073/pnas.0806002105}
}

@article{moffatt1969,
    author  = {H. K. Moffatt},
    title   = {The degree of knottedness of tangled vortex lines},
    journal = {Journal of Fluid Mechanics},
    volume  = {35},
    number  = {1},
    pages   = {117--129},
    year    = {1969},
    doi     = {10.1017/S0022112069000991}
}

@article{kleckner2013,
    author  = {D. Kleckner and W. T. M. Irvine},
    title   = {Creation and dynamics of knotted vortices},
    journal = {Nature Physics},
    volume  = {9},
    pages   = {253--258},
    year    = {2013},
    doi     = {10.1038/nphys2560}
}

@article{scheeler2014,
    author  = {M. W. Scheeler and D. Kleckner and D. Proment and G. L. Kindlmann and W. T. M. Irvine},
    title   = {Helicity conservation by flow across scales in reconnecting vortex links and knots},
    journal = {Proceedings of the National Academy of Sciences},
    volume  = {111},
    number  = {43},
    pages   = {15350--15355},
    year    = {2014},
    doi     = {10.1073/pnas.1407232111}
}

@article{bartlett1986,
    author  = {D. F. Bartlett and D. van Buren},
    title   = {Equivalence of inertial and gravitational mass in Newtonian theory},
    journal = {Physical Review Letters},
    volume  = {57},
    pages   = {21--24},
    year    = {1986},
    doi     = {10.1103/PhysRevLett.57.21}
}