@article{iskandarani2025vam,
    author       = {Omar Iskandarani},
    title        = {The Vortex Æther Model: Æther Vortex Field Model},
    journal      = {Independent Research},
    year         = {2025},
    note         = {Dated April 2, 2025},
    url          = {https://example.com/vam-2025}
}

@article{iskandarani2025unified,
    author       = {Omar Iskandarani},
    title        = {A Unified Vorticity Framework for Gravity, Electromagnetism, and Quantum Phenomena},
    journal      = {Independent Research},
    year         = {2025},
    note         = {Derived constants and vortex analogues of physical laws},
    url          = {https://example.com/vam-unified}
}

@article{podkletnov1997gravity,
    author       = {Eugene E. Podkletnov},
    title        = {Weak gravitation shielding properties of composite YBa\textsubscript{2}Cu\textsubscript{3}O\textsubscript{7-x} superconductor},
    journal      = {arXiv preprint},
    year         = {1997},
    url          = {https://arxiv.org/abs/cond-mat/9701074}
}

@article{rabounski2007podkletnov,
    author       = {Dmitri Rabounski and Larissa Borissova},
    title        = {A Theory of the Podkletnov Effect Based on GR: Anti-Gravity Force due to Perturbed Non-Holonomic Background of Space},
    journal      = {Progress in Physics},
    volume       = {3},
    year         = {2007},
    pages        = {45--59},
    url          = {http://www.ptep-online.com/2007/PP-10-07.PDF}
}

@misc{vam_notes2025,
    author       = {Omar Iskandarani},
    title        = {VAM Technical Notes: Superluminal Wave Estimates and Nuclear Resonance Predictions},
    year         = {2025},
    howpublished = {Personal Research Notes},
    note         = {Includes derived estimates for $v_{\text{wave}}$, vortex energy, and vortex-induced LENR scenarios}
}
