@book{saffman1992,
    author    = {P. G. Saffman},
    title     = {Vortex Dynamics},
    publisher = {Cambridge University Press},
    year      = {1992}
}

@article{babinskystevens2016,
    author  = {H. Babinsky and R. Stevens},
    title   = {Low-order modeling approaches for unsteady aero flows},
    journal = {Experiments in Fluids},
    volume  = {57},
    year    = {2016},
    pages   = {71--85},
    doi     = {10.1007/s00348-016-2168-2}
}

@article{andreuangulo2020,
    author  = {I. Andreu-Angulo and C. Manzo and B. Basu and H. Babinsky},
    title   = {On unsteady aerodynamic effect of strong wind gusts on small-scale rotor systems},
    journal = {AIAA Journal},
    volume  = {58},
    year    = {2020},
    pages   = {5041--5056},
    doi     = {10.2514/1.J059179}
}

@book{wu1981,
    author    = {J.-Z. Wu},
    title     = {Theory of Vorticity and Vortex Dynamics},
    publisher = {Springer},
    year      = {1981}
}

@article{liwu2018,
    author  = {M. Li and J.-Z. Wu},
    title   = {Generalized vortex force maps for the unsteady lift},
    journal = {Theoretical and Computational Fluid Dynamics},
    volume  = {32},
    year    = {2018},
    pages   = {695--710},
    doi     = {10.1007/s00162-018-0469-7}
}

@article{klecknerirvine2013,
    author  = {D. Kleckner and W. T. M. Irvine},
    title   = {Creation and dynamics of knotted vortices},
    journal = {Nature Physics},
    volume  = {9},
    year    = {2013},
    pages   = {253--258},
    doi     = {10.1038/nphys2560}
}

@article{barcelo2011analogue,
    author = {Carlos Barcel{\'o} and Stefano Liberati and Matt Visser},
    title = {Analogue gravity},
    journal = {Living Reviews in Relativity},
    volume = {14},
    number = {3},
    year = {2011},
    publisher = {Springer},
    doi = {10.12942/lrr-2011-3}
}

@book{volovik2009universe,
    author = {G. E. Volovik},
    title = {The Universe in a Helium Droplet},
    year = {2009},
    publisher = {Oxford University Press}
}

@misc{fedi2017gravity,
    author = {M. Fedi},
    title = {Gravity from Vorticity},
    howpublished = {\\url{https://hal.science/hal-01248015}},
    year = {2017},
    note = {HAL Archive}
}

@article{einstein1905photoelectric,
    author = {Albert Einstein},
    title = {On a Heuristic Point of View about the Creation and Conversion of Light},
    journal = {Annalen der Physik},
    volume = {17},
    pages = {132--148},
    year = {1905}
}

@unpublished{vam2025unified,
    author = {Iskandarani, Omar},
    title = {The Vortex Æther Model: A Unified Vorticity Framework for Gravity, Electromagnetism, and Quantum Phenomena},
    note = {Internal manuscript, not yet published},
    year = {2025}
}

@unpublished{vam2025field,
    author = {Iskandarani, Omar},
    title = {Field Quantization and Time Evolution in a Structured Æther},
    note = {Private research notes, draft under development},
    year = {2025}
}

@article{clausius1865mechanical,
    author = {Rudolf Clausius},
    title = {The Mechanical Theory of Heat},
    journal = {Phil. Mag.},
    volume = {4},
    pages = {106--113},
    year = {1865}
}

@article{maxwell1865electromagnetic,
    author = {James Clerk Maxwell},
    title = {A Dynamical Theory of the Electromagnetic Field},
    journal = {Phil. Trans. Roy. Soc. Lond.},
    volume = {155},
    pages = {459--512},
    year = {1865}
}

@article{helmholtz1858integrals,
    author = {Hermann von Helmholtz},
    title = {On Integrals of the Hydrodynamical Equations that Express Vortex Motion},
    journal = {Journal f{\"u}r die reine und angewandte Mathematik},
    volume = {55},
    year = {1858},
    pages = {25--55}
}

@article{kelvin1867vortex,
    author = {William Thomson (Lord Kelvin)},
    title = {On Vortex Atoms},
    journal = {Proceedings of the Royal Society of Edinburgh},
    volume = {6},
    pages = {94--105},
    year = {1867}
}


@incollection{snieder2002elastic,
    author    = {Roel Snieder},
    title     = {General Theory of Elastic Wave Scattering},
    booktitle = {Scattering and Inverse Scattering in Pure and Applied Science},
    editor    = {Pike, R. and Sabatier, P.},
    publisher = {Academic Press},
    pages     = {528--542},
    year      = {2002},
    address   = {San Diego},
    doi       = {10.1016/B978-012613760-6/50040-2}
}

@book{misner1973gravitation,
    title={Gravitation},
    author={Misner, Charles W and Thorne, Kip S and Wheeler, John Archibald},
    year={1973},
    publisher={W.H. Freeman},
    isbn={9780716703440}
}

@article{sbitnev2021quaternion,
    title={Quaternion algebra on 4d superfluid quantum space-time: can dark matter be a manifestation of the superfluid ether?},
    author={Sbitnev, Valeriy},
    journal={Universe},
    volume={7},
    number={2},
    pages={32},
    year={2021},
    doi={10.3390/universe7020032}
}

@article{simula2020gravitational,
    title={Gravitational vortex mass in a superfluid},
    author={Simula, T.},
    journal={Physical Review A},
    volume={101},
    number={6},
    pages={063616},
    year={2020},
    doi={10.1103/PhysRevA.101.063616},
    url={https://journals.aps.org/pra/abstract/10.1103/PhysRevA.101.063616}
}

@article{winterberg1990maxwell,
    title={Maxwell's equations and Einstein-gravity in the Planck aether model of a unified field theory},
    author={Winterberg, F.},
    journal={Zeitschrift für Naturforschung A},
    volume={45},
    number={9},
    pages={1008--1012},
    year={1990},
    doi={10.1515/zna-1990-9-1008},
    url={https://www.degruyter.com/document/doi/10.1515/zna-1990-9-1008/html}
}

@article{moffatt1969degree,
    title={The degree of knottedness of tangled vortex lines},
    author={Moffatt, H. Keith},
    journal={Journal of Fluid Mechanics},
    volume={35},
    number={1},
    pages={117--129},
    year={1969},
    publisher={Cambridge University Press},
    doi={10.1017/S0022112069000991}
}

@article{knottedvortices2012kleckner,
    title={Creation and dynamics of knotted vortices},
    author={Kleckner, Dustin and Irvine, William TM},
    journal={Nature Physics},
    volume={9},
    number={4},
    pages={253--258},
    year={2013},
    doi={10.1038/nphys2560},
    url={https://www.nature.com/articles/nphys2560}
}