@book{batchelor1953,
    author    = {G. K. Batchelor},
    title     = {The Theory of Homogeneous Turbulence},
    publisher = {Cambridge University Press},
    year      = {1953},
    doi       = {10.1017/CBO9780511895080}
}

@article{ranada1989knotted,
    title={Knotted solutions of the Maxwell equations in vacuum},
    author={Rañada, Antonio F.},
    journal={Journal of Physics A: Mathematical and General},
    volume={23},
    number={16},
    pages={L815},
    year={1989},
    doi={10.1088/0305-4470/23/16/002}
}

@article{vinen2002,
    author  = {W. F. Vinen},
    title   = {An introduction to quantum turbulence},
    journal = {Journal of Low Temperature Physics},
    volume  = {126},
    pages   = {167--231},
    year    = {2002},
    doi     = {10.1023/A:1019655118480}
}

@article{bewley2008,
    author  = {G. P. Bewley and M. S. Paoletti and K. R. Sreenivasan and D. P. Lathrop},
    title   = {Characterization of reconnecting quantized vortices in superfluid helium},
    journal = {Proceedings of the National Academy of Sciences},
    volume  = {105},
    number  = {37},
    pages   = {13707--13710},
    year    = {2008},
    doi     = {10.1073/pnas.0806002105}
}

@article{moffatt1969,
    author  = {H. K. Moffatt},
    title   = {The degree of knottedness of tangled vortex lines},
    journal = {Journal of Fluid Mechanics},
    volume  = {35},
    number  = {1},
    pages   = {117--129},
    year    = {1969},
    doi     = {10.1017/S0022112069000991}
}

@article{salmon1988,
    author    = {Salmon, R.},
    title     = {Hamiltonian fluid mechanics},
    journal   = {Annual Review of Fluid Mechanics},
    volume    = {20},
    pages     = {225--256},
    year      = {1988},
    doi       = {10.1146/annurev.fl.20.010188.001301}
}

@article{kleckner2013,
    author  = {D. Kleckner and W. T. M. Irvine},
    title   = {Creation and dynamics of knotted vortices},
    journal = {Nature Physics},
    volume  = {9},
    pages   = {253--258},
    year    = {2013},
    doi     = {10.1038/nphys2560}
}

@article{scheeler2014,
    author  = {M. W. Scheeler and D. Kleckner and D. Proment and G. L. Kindlmann and W. T. M. Irvine},
    title   = {Helicity conservation by flow across scales in reconnecting vortex links and knots},
    journal = {Proceedings of the National Academy of Sciences},
    volume  = {111},
    number  = {43},
    pages   = {15350--15355},
    year    = {2014},
    doi     = {10.1073/pnas.1407232111}
}

@article{bartlett1986,
    author  = {D. F. Bartlett and D. van Buren},
    title   = {Equivalence of inertial and gravitational mass in Newtonian theory},
    journal = {Physical Review Letters},
    volume  = {57},
    pages   = {21--24},
    year    = {1986},
    doi     = {10.1103/PhysRevLett.57.21}
}

@article{Barcelo2005AnalogueGravityReview,
    title = {Analogue Gravity},
    author = {Barceló, Carlos and Liberati, Stefano and Visser, Matt},
    journal = {Living Reviews in Relativity},
    volume = {8},
    number = {1},
    year = {2005},
    pages = {12},
    doi = {10.12942/lrr-2005-12},
    url = {https://doi.org/10.12942/lrr-2005-12},
    note = {A comprehensive review of analog models of gravity, including superfluid systems}
}

@book{Volovik2003UniverseInHelium,
    title = {The Universe in a Helium Droplet},
    author = {Volovik, G. E.},
    year = {2003},
    publisher = {Oxford University Press},
    address = {Oxford, UK},
    isbn = {9780199564842},
    note = {Explores the emergence of relativistic and quantum behavior in condensed matter systems}
}

@article{Kleckner2013KnottedVortices,
    title = {Creation and dynamics of knotted vortices},
    author = {Kleckner, Dustin and Irvine, William T. M.},
    journal = {Nature Physics},
    volume = {9},
    pages = {253--258},
    year = {2013},
    doi = {10.1038/nphys2560},
    url = {https://doi.org/10.1038/nphys2560},
    note = {Experimental demonstration of stable knotted vortices in classical fluids}
}

@book{Pethick2008BEC,
    title={Bose-Einstein Condensation in Dilute Gases},
    author={Pethick, C. J. and Smith, H.},
    year={2008},
    publisher={Cambridge University Press},
    edition={2nd},
    isbn={9780521846514}
}

@book{Donnelly1991QuantizedVortices,
    title={Quantized Vortices in Helium II},
    author={Donnelly, Russell J.},
    year={1991},
    publisher={Cambridge University Press},
    isbn={9780521361055}
}

@article{Lattimer2016EOS,
    title={The Equation of State of Hot, Dense Matter and Neutron Stars},
    author={Lattimer, J. M. and Prakash, M.},
    journal={Physics Reports},
    volume={621},
    pages={127--164},
    year={2016},
    doi={10.1016/j.physrep.2015.12.005}
}

@book{khalatnikov2000,
    title={An Introduction to the Theory of Superfluidity},
    author={Khalatnikov, I. M.},
    publisher={Westview Press},
    year={2000},
    isbn={978-0813348770}
}

@article{barcelo2011,
    title={Analogue gravity},
    author={Barcel{\'o}, Carlos and Liberati, Stefano and Visser, Matt},
    journal={Living Reviews in Relativity},
    volume={14},
    number={1},
    pages={3},
    year={2011},
    doi={10.12942/lrr-2011-3}
}

@article{kiehn2005topological,
    title={Topological Torsion and Charge Quantization},
    author={Kiehn, Robert M.},
    journal={arXiv preprint physics/0505037},
    year={2005},
    url={https://arxiv.org/abs/physics/0505037}
}



@article{ranada1989topological,
    title={Topological electromagnetism},
    author={Ra{\~n}ada, Antonio F},
    journal={Journal of Physics A: Mathematical and General},
    volume={23},
    number={16},
    pages={L815},
    year={1990},
    doi={10.1088/0305-4470/23/16/002}
}

@article{bowick1994charge,
    title={The topology of gauge fields and the origin of electric charge},
    author={Bowick, Mark J and Chandar, L and Schwarz, Albert},
    journal={Nuclear Physics B},
    volume={437},
    number={2-3},
    pages={491--508},
    year={1995},
    doi={10.1016/0550-3213(94)00480-6}
}

@article{sidharth2006vortex,
    title={Vortices in the Quantum Vacuum and the Origin of Charge},
    author={Sidharth, B. G.},
    journal={arXiv preprint physics/0603129},
    year={2006},
    url={https://arxiv.org/abs/physics/0603129}
}


@article{sbitnev2015hydro2,
    title={Hydrodynamics of the physical vacuum: II. Vorticity dynamics},
    author={Sbitnev, Valeriy I.},
    volume={27},
    number={3},
    pages={037103},
    publisher={AIP},
    journal={arXiv preprint arXiv:1505.04524},
    year={2015},
    url={https://arxiv.org/abs/1505.04524}
}

@book{scharf2016force,
    title={The Maximum Force in General Relativity: An Introduction to Physics without Infinities},
    author={Scharf, Günter},
    year={2016},
    publisher={CreateSpace}
}

@book{volovik2003universe,
    title     = {The Universe in a Helium Droplet},
    author    = {Volovik, G. E.},
    year      = {2003},
    publisher = {Oxford University Press},
    address   = {Oxford, UK},
    isbn      = {9780198507826}
}
