@article{marquet2012warp,
  author = {Marquet, Patrick},
  title = {The Warp Drive: Field-Based Extension and Energy Conditions},
  journal = {Zelmanov Journal},
  volume = {5},
  year = {2012},
  pages = {277--298},
  url = {https://zelmanov.ptep-online.com/2012/issue5.html}
}
@article{alcubierre1994warp,
  author = {Alcubierre, Miguel},
  title = {The Warp Drive: Hyper-fast travel within general relativity},
  journal = {Classical and Quantum Gravity},
  volume = {11},
  pages = {L73--L77},
  year = {1994},
  doi = {10.1088/0264-9381/11/5/001}
}

@article{marquet2009warp,
  author = {Marquet, Patrick},
  title = {The Generalized Warp Drive Concept in the EGR Theory},
  journal = {Abraham Zelmanov Journal},
  volume = {2},
  year = {2009},
  pages = {263--287},
  url = {https://zelmanov.ptep-online.com/2009/issue2.html}
}
