
% --- Vortex dynamics ---
@article{Helmholtz1858,
    author  = {H. von Helmholtz},
    title   = {\"Uber Integrale der hydrodynamischen Gleichungen, welche den Wirbelbewegungen entsprechen},
    journal = {Journal f{\"u}r die reine und angewandte Mathematik},
    year    = {1858},
    volume  = {55},
    pages   = {25--55}
}

@article{Kelvin1869,
    author  = {W. Thomson (Lord Kelvin)},
    title   = {On vortex motion},
    journal = {Transactions of the Royal Society of Edinburgh},
    year    = {1869},
    volume  = {25},
    pages   = {217--260}
}

@book{Saffman1992,
    author    = {Philip G. Saffman},
    title     = {Vortex Dynamics},
    publisher = {Cambridge University Press},
    year      = {1992},
    doi       = {10.1017/CBO9780511624063}
}

@incollection{Feynman1955,
    author    = {R. P. Feynman},
    title     = {Application of Quantum Mechanics to Liquid Helium},
    booktitle = {Progress in Low Temperature Physics},
    editor    = {C. J. Gorter},
    volume    = {1},
    pages     = {17--53},
    publisher = {North-Holland},
    year      = {1955}
}

@book{Donnelly1991,
    author    = {Russell J. Donnelly},
    title     = {Quantized Vortices in Helium II},
    publisher = {Cambridge University Press},
    year      = {1991}
}

@book{LandauLifshitzFM,
    author    = {L. D. Landau and E. M. Lifshitz},
    title     = {Fluid Mechanics},
    series    = {Course of Theoretical Physics, Vol. 6},
    edition   = {2nd},
    publisher = {Pergamon},
    year      = {1987}
}

@book{Jackson1999,
    author    = {John David Jackson},
    title     = {Classical Electrodynamics},
    edition   = {3rd},
    publisher = {Wiley},
    year      = {1999}
}

% --- Canonical vortex atom & topology ---
@article{Kelvin1867,
    author  = {W. Thomson (Lord Kelvin)},
    title   = {On Vortex Atoms},
    journal = {Proc. Royal Society of Edinburgh},
    year    = {1867}
}

@article{Moffatt1969,
    author  = {H. K. Moffatt},
    title   = {The degree of knottedness of tangled vortex lines},
    journal = {Journal of Fluid Mechanics},
    year    = {1969}
}

@article{Schrodinger1926,
    author  = {E. Schr{\"o}dinger},
    title   = {An Undulatory Theory of the Mechanics of Atoms and Molecules},
    journal = {Physical Review},
    year    = {1926}
}

% --- Added topological invariants & micromagnetics ---
@article{Calugareanu1959,
    author = {G. C\u{a}lug\u{a}reanu},
    title  = {L'int\'egral de Gauss et l'analyse des noeuds tridimensionnels},
    journal= {Rev. Math. Pures Appl.},
    volume = {4},
    year   = {1959}
}

@article{White1969,
    author = {J. H. White},
    title  = {Self-linking and the Gauss integral in higher dimensions},
    journal= {American Journal of Mathematics},
    volume = {91},
    year   = {1969}
}

@article{Fuller1971,
    author = {F. B. Fuller},
    title  = {The writhing number of a space curve},
    journal= {Proc. Natl. Acad. Sci. USA},
    volume = {68},
    pages  = {815--819},
    year   = {1971}
}

@article{MoffattRicca1992,
    author = {H. K. Moffatt and R. L. Ricca},
    title  = {Helicity and the C\u{a}lug\u{a}reanu invariant},
    journal= {Proc. R. Soc. Lond. A},
    volume = {439},
    pages  = {411--429},
    year   = {1992}
}

@article{Hopf1931,
    author = {H. Hopf},
    title  = {\"Uber die Abbildungen der dreidimensionalen Sph\"are auf die Kugelfl\"ache},
    journal= {Mathematische Annalen},
    volume = {104},
    pages  = {637--665},
    year   = {1931}
}

@article{Whitehead1947,
    author = {J. H. C. Whitehead},
    title  = {An expression of Hopf's invariant as an integral},
    journal= {Proc. Natl. Acad. Sci. USA},
    volume = {33},
    pages  = {117--123},
    year   = {1947}
}

@article{Dzyaloshinskii1958,
    author = {I. E. Dzyaloshinskii},
    title  = {A thermodynamic theory of ``weak'' ferromagnetism of antiferromagnetics},
    journal= {J. Phys. Chem. Solids},
    volume = {4},
    pages  = {241--255},
    year   = {1958}
}

@article{Moriya1960,
    author = {T. Moriya},
    title  = {Anisotropic superexchange interaction and weak ferromagnetism},
    journal= {Phys. Rev.},
    volume = {120},
    pages  = {91--98},
    year   = {1960}
}

@book{Aharoni1996,
    author = {A. Aharoni},
    title  = {Introduction to the Theory of Ferromagnetism},
    publisher = {Oxford University Press},
    year   = {1996}
}

@book{Batchelor1967,
    author    = {G. K. Batchelor},
    title     = {An Introduction to Fluid Dynamics},
    publisher = {Cambridge University Press},
    year      = {1967}
}


@book{Batchelor1967Fluid,
    author    = {G. K. Batchelor},
    title     = {An Introduction to Fluid Dynamics},
    publisher = {Cambridge University Press},
    year      = {1967}
}


@book{LandauLifshitz1987,
    author    = {L. D. Landau and E. M. Lifshitz},
    title     = {Fluid Mechanics},
    series    = {Course of Theoretical Physics, Vol. 6},
    edition   = {2nd},
    publisher = {Pergamon},
    year      = {1987}
}

@article{Unruh1981,
    author  = {W. G. Unruh},
    title   = {Experimental black-hole evaporation?},
    journal = {Physical Review Letters},
    year    = {1981},
    volume  = {46},
    pages   = {1351--1353},
    doi     = {10.1103/PhysRevLett.46.1351}
}

@article{Visser1998,
    author  = {M. Visser},
    title   = {Acoustic black holes: horizons, ergospheres and Hawking radiation},
    journal = {Classical and Quantum Gravity},
    year    = {1998},
    volume  = {15},
    number  = {6},
    pages   = {1767--1791},
    doi     = {10.1088/0264-9381/15/6/024}
}

@article{Painleve1921,
    author  = {P. Painlev{\'e}},
    title   = {La m{\'e}canique classique et la th{\'e}orie de la relativit{\'e}},
    journal = {Comptes Rendus de l'Acad{\'e}mie des Sciences},
    year    = {1921},
    volume  = {173},
    pages   = {677--680}
}

@article{Gullstrand1922,
    author  = {A. Gullstrand},
    title   = {Allgemeine L{\"o}sung des statischen Eink{\"o}rperproblems in der Einsteinschen Gravitationstheorie},
    journal = {Arkiv f{\"o}r Matematik, Astronomi och Fysik},
    year    = {1922},
    volume  = {16},
    pages   = {1--15}
}

@book{Rolfsen1976Knots,
    author    = {Dale Rolfsen},
    title     = {Knots and Links},
    publisher = {Publish or Perish},
    year      = {1976}
}

@book{Lickorish1997Knots,
    author    = {W. B. R. Lickorish},
    title     = {An Introduction to Knot Theory},
    series    = {Graduate Texts in Mathematics},
    volume    = {175},
    publisher = {Springer},
    year      = {1997}
}

@book{Murasugi1996KnotTheory,
    author    = {Kunio Murasugi},
    title     = {Knot Theory and Its Applications},
    publisher = {Birkh{\"a}user},
    year      = {1996}
}

@article{CantarellaKusnerSullivan2002Ropelength,
    author  = {Jason Cantarella and Robert B. Kusner and John M. Sullivan},
    title   = {On the Minimum Ropelength of Knots and Links},
    journal = {Inventiones mathematicae},
    year    = {2002},
    volume  = {150},
    number  = {2},
    pages   = {257--286},
    doi     = {10.1007/s002220100178}
}

@incollection{Rawdon2003Approximating,
    author    = {Eric J. Rawdon},
    title     = {Approximating the Thickness of a Knot},
    booktitle = {Ideal Knots},
    editor    = {A. Stasiak and V. Katrich and L. Kauffman},
    publisher = {World Scientific},
    year      = {1998},
    pages     = {143--150}
}

@article{Kerr1963,
    author  = {Roy P. Kerr},
    title   = {Gravitational Field of a Spinning Mass as an Example of Algebraically Special Metrics},
    journal = {Physical Review Letters},
    year    = {1963},
    volume  = {11},
    pages   = {237--238},
    doi     = {10.1103/PhysRevLett.11.237}
}


@article{Ertel1942,
    author  = {Ertel, Hans},
    year    = {1942},
    title   = {Ein neuer hydrodynamischer Erhaltungssatz},
    journal = {Meteorologische Zeitschrift},
    volume  = {59},
    pages   = {271--281}
}