@article{JacobsonMattingly2004,
  author = {Jacobson, Ted and Mattingly, David},
  title = {Einstein-Æther waves},
  journal = {Phys. Rev. D},
  year = {2004},
  volume = {70},
  pages = {024003},
  doi = {10.1103/PhysRevD.70.024003}
}
@article{Jacobson2008,
  author = {Jacobson, Ted},
  title = {Einstein-Æther gravity: a status report},
  journal = {PoS(QG-PH) 020},
  year = {2007},
  eprint = {arXiv:0801.1547},
  url = {https://arxiv.org/abs/0801.1547}
}
@article{BlasPujolasSibiryakov2010,
  author = {Blas, D. and Pujol{\`a}s, O. and Sibiryakov, S.},
  title = {Models of non-relativistic quantum gravity: The good, the bad and the healthy},
  journal = {JHEP},
  year = {2011},
  volume = {2011},
  number = {04},
  pages = {018},
  doi = {10.1007/JHEP04(2011)018}
}
@article{SMEDataTables2025,
  author = {Kosteleck{\'y}, V. Alan and Russell, Neil},
  title = {Data Tables for Lorentz and CPT Violation},
  journal = {Rev. Mod. Phys. (data tables, updated annually)},
  year = {2025},
  url = {https://arxiv.org/abs/0801.0287}
}
@article{Abbott2017GW170817,
  author = {Abbott, B. P. et al. (LIGO/Virgo Collaboration)},
  title = {GW170817: Observation of Gravitational Waves from a Binary Neutron Star Inspiral},
  journal = {Phys. Rev. Lett.},
  year = {2017},
  volume = {119},
  pages = {161101},
  doi = {10.1103/PhysRevLett.119.161101}
}
@article{MooreNelson2001,
  author = {Moore, Gregory D. and Nelson, Andrew E.},
  title = {Lower bound on the propagation speed of gravity from gravitational Cherenkov radiation},
  journal = {JHEP},
  year = {2001},
  volume = {09},
  pages = {023},
  doi = {10.1088/1126-6708/2001/09/023}
}
@article{BarceloLiberatiVisser2011,
  author = {Barcel{\'o}, Carlos and Liberati, Stefano and Visser, Matt},
  title = {Analogue Gravity},
  journal = {Living Rev. Relativ.},
  year = {2011},
  volume = {14},
  pages = {3},
  doi = {10.12942/lrr-2011-3}
}
@book{Nakahara2003,
  author = {Nakahara, Mikio},
  title = {Geometry, Topology and Physics},
  year = {2003},
  publisher = {Taylor \& Francis},
  edition = {2nd}
}
@article{MerminHo1976,
  author = {Mermin, N. D. and Ho, Tin-Lun},
  title = {Circulation and angular momentum in superfluid $^3$He},
  journal = {Phys. Rev. Lett.},
  year = {1976},
  volume = {36},
  pages = {594--597},
  doi = {10.1103/PhysRevLett.36.594}
}
@article{Wen2002,
  author = {Wen, Xiao-Gang},
  title = {Quantum orders and symmetric spin liquids},
  journal = {Phys. Rev. B},
  year = {2002},
  volume = {65},
  pages = {165113},
  doi = {10.1103/PhysRevB.65.165113}
}
@book{Fradkin2013,
  author = {Fradkin, Eduardo},
  title = {Field Theories of Condensed Matter Physics},
  year = {2013},
  publisher = {Cambridge University Press},
  edition = {2nd}
}
@article{VakulenkoKapitanskii1979,
  author = {Vakulenko, A. F. and Kapitanskii, L. V.},
  title = {Stability of solitons in $S^2$ in the nonlinear $\sigma$-model},
  journal = {Soviet Physics Doklady},
  year = {1979},
  volume = {24},
  pages = {433--434}
}
@article{GladikowskiHellmund1997,
  author = {Gladikowski, J. and Hellmund, M.},
  title = {Static solitons with nontrivial Hopf number},
  journal = {Phys. Rev. D},
  year = {1997},
  volume = {56},
  pages = {5194--5199},
  doi = {10.1103/PhysRevD.56.5194}
}
@book{Thurston1997,
  author = {Thurston, William P.},
  title = {Three-Dimensional Geometry and Topology, Vol. 1},
  publisher = {Princeton University Press},
  year = {1997}
}
@article{Sornette1998,
  author = {Sornette, Didier},
  title = {Discrete scale invariance and complex dimensions},
  journal = {Physics Reports},
  year = {1998},
  volume = {297},
  pages = {239--270},
  doi = {10.1016/S0370-1573(97)00076-8}
}
