
@misc{iskandarani2025swirl,
  author       = {Omar Iskandarani},
  title        = {Swirl Clocks and Vorticity-Induced Gravity: Reformulating Relativity in a Structured Vortex Æther},
  year         = {2025},
  month        = may,
  note         = {Independent Researcher, Groningen, The Netherlands},
  howpublished = {\url{https://github.com/bg-omar/VAM/releases}},
  url          = {https://github.com/bg-omar/VAM/releases},
  keywords     = {vorticity, vortex knot, æther, time dilation, gravitational analogs, superfluid gravity, LENR, topological mass},
  orcid        = {0009-0006-1686-3961}
}

@misc{iskandarani2025timedilation,
  author       = {Omar Iskandarani},
  title        = {Time Dilation in the 3D Superfluid Æther Model: Topological Vortices as the Source of Mass, Time, and Gravity},
  year         = {2025},
  month        = may,
  note         = {Independent Researcher, Groningen, The Netherlands},
  howpublished = {\url{https://github.com/bg-omar/VAM/releases}},
  url          = {https://github.com/bg-omar/VAM/releases},
  keywords     = {æther, time dilation, vortex clocks, superfluid, absolute time, topological mass, Bernoulli flow, GR analogy},
  orcid        = {0009-0006-1686-3961}
}


@misc{iskandarani2025wervelklokken,
  author       = {Omar Iskandarani},
  title        = {Wervelklokken en door vorticiteit geïnduceerde zwaartekracht: Relativiteit herformuleren in een gestructureerde vortex-æther},
  year         = {2025},
  month        = may,
  note         = {Onafhankelijk onderzoeker, Groningen, Nederland},
  howpublished = {\url{https://github.com/bg-omar/VAM/releases}},
  url          = {https://github.com/bg-omar/VAM/releases},
  keywords     = {vorticiteit, vortexknoop, æther, tijddilatatie, zwaartekrachtanalogen, superfluïde zwaartekracht, LENR, topologische massa},
  orcid        = {0009-0006-1686-3961}
}

@misc{iskandarani2025tijddilatatie,
  author       = {Omar Iskandarani},
  title        = {Tijddilatatie in het 3D Superfluïde Æther Model: Topologische wervels als oorsprong van massa, tijd en zwaartekracht},
  year         = {2025},
  month        = may,
  note         = {Onafhankelijk onderzoeker, Groningen, Nederland},
  howpublished = {\url{https://github.com/bg-omar/VAM/releases}},
  url          = {https://github.com/bg-omar/VAM/releases},
  keywords     = {æther, tijddilatatie, wervelklokken, superfluïde, absolute tijd, topologische massa, Bernoulli-stroming, GR-analogie},
  orcid        = {0009-0006-1686-3961}
}


@unpublished{vam2025field,
  author = {Iskandarani, Omar},
  title = {Field Quantization and Time Evolution in a Structured Æther},
  note = {Private research notes, draft under development},
  year = {2025}
}

@article{iskandarani2025vam,
  author       = {Omar Iskandarani},
  title        = {The Vortex Æther Model: Æther Vortex Field Model},
  journal      = {Independent Research},
  year         = {2025},
  note         = {Dated April 2, 2025},
  url          = {https://example.com/vam-2025}
}

@misc{vam_notes2025,
  author       = {Omar Iskandarani},
  title        = {VAM Technical Notes: Superluminal Wave Estimates and Nuclear Resonance Predictions},
  year         = {2025},
  howpublished = {Personal Research Notes},
  note         = {Includes derived estimates for $v_\text{wave}$, vortex energy, and vortex-induced LENR scenarios}
}

@article{iskandarani2025VAM,
  author       = {Omar Iskandarani},
  title        = {The Vortex Æther Model: Æther Vortex Field Model},
  journal      = {Independent Research},
  year         = {2025},
  note         = {Dated April 2, 2025},
  url          = {https://example.com/vam-2025}
}


@article{iskandarani2025VAM3,
  author       = {Omar Iskandarani},
  title        = {Benchmarking the Vortex Æther Model vs General Relativity},
  journal      = {Independent Research},
  year         = {2025},
  note         = {Dated April 2, 2025},
  url          = {https://example.com/vam-2025}
}


@article{iskandarani2025unified,
  author       = {Omar Iskandarani},
  title        = {Wervelingsklokken en door vorticiteit geınduceerde
zwaartekracht: Relativiteit herformuleren in een
gestructureerde vortex-ether},
  journal      = {Independent Research},
  year         = {2025},
  note         = {Derived constants and vortex analogues of physical laws},
  url          = {https://example.com/vam-unified}
}


@techreport{grin3d2025,
  title={GR in 3D via Vortex Æther Model},
  author={Iskandarani, Omar},
  institution={Independent Research Manuscript},
  year={2025},
  note={See GR\_in\_3d.pdf}
}

@techreport{iskandarani2025VAM2,
  title = {GR in 3D via Vortex Æther Model},
  author = {Iskandarani, Omar},
  institution = {Independent Research Manuscript},
  year = {2025},
  note = {See GR\_in\_3d.pdf}
}

@article{will2014confrontation,
  title={The Confrontation between General Relativity and Experiment},
  author={Will, Clifford M.},
  journal={Living Reviews in Relativity},
  volume={17},
  number={1},
  pages={4},
  year={2014},
  doi={10.12942/lrr-2014-4}
}
@article{pound1960apparent,
  title={Apparent weight of photons},
  author={Pound, Robert V and Rebka Jr, Glen A},
  journal={Physical Review Letters},
  volume={4},
  number={7},
  pages={337--341},
  year={1960},
  doi={10.1103/PhysRevLett.4.337}
}

@article{ashby2003relativity,
  title={Relativity and the Global Positioning System},
  author={Ashby, Neil},
  journal={Physics Today},
  volume={55},
  number={5},
  pages={41--47},
  year={2003},
  doi={10.1063/1.1485583}
}

@article{vesely2001solar,
  title={Solar gravitational redshift and the line shift problem},
  author={Vesely, F.J.},
  journal={Solar Physics},
  volume={203},
  number={1},
  pages={53--67},
  year={2001},
  doi={10.1023/A:1013317405920}
}

@article{cottam2002gravitational,
  title={Gravitational redshift of the neutron star in EXO 0748--676},
  author={Cottam, J. and Paerels, F. and Mendez, M.},
  journal={Nature},
  volume={420},
  pages={51--54},
  year={2002},
  doi={10.1038/nature01159}
}

@article{adelberger2003tests,
  title={Tests of the gravitational inverse-square law below the dark-energy length scale},
  author={Adelberger, E.G. and Heckel, B.R. and Nelson, A.E.},
  journal={Annual Review of Nuclear and Particle Science},
  volume={53},
  pages={77--121},
  year={2003},
  doi={10.1146/annurev.nucl.53.041002.110503}
}

@article{ciufolini2004confirmation,
  title={Confirmation of the frame-dragging effect with satellite laser ranging to LAGEOS and LAGEOS II},
  author={Ciufolini, Ignazio and Pavlis, Erricos C.},
  journal={Nature},
  volume={431},
  number={7011},
  pages={958--960},
  year={2004},
  doi={10.1038/nature03007}
}

@article{everitt2011gravity,
  title={Gravity Probe B: Final Results of a Space Experiment to Test General Relativity},
  author={Everitt, CW and et al.},
  journal={Physical Review Letters},
  volume={106},
  number={22},
  pages={221101},
  year={2011},
  doi={10.1103/PhysRevLett.106.221101}
}
@article{greenstein1971gravitational,
  title={Gravitational redshift of the white dwarf companion of Sirius},
  author={Greenstein, Jesse L. and Trimble, Virginia L.},
  journal={Astrophysical Journal},
  volume={169},
  pages={563},
  year={1971},
  doi={10.1086/151167}
}
@article{shapiro2004gravitational,
  title={Gravitational bending of radio waves and the deflection of starlight},
  author={Shapiro, Irwin I.},
  journal={Scientific American},
  volume={291},
  number={3},
  pages={52--59},
  year={2004}
}

@article{eubanks1997vla,
  title={VLA measurement of gravitational light bending at solar conjunction},
  author={Eubanks, T.M. and et al.},
  journal={In preparation},
  year={1997}
}
@article{sereno2006solar,
  title={Solar oblateness, Mercury perihelion advance and the post-Newtonian gravitoelectric shift},
  author={Sereno, Mauro and Jetzer, Philippe},
  journal={Monthly Notices of the Royal Astronomical Society},
  volume={371},
  number={2},
  pages={626--632},
  year={2006},
  publisher={Oxford University Press},
  doi={10.1111/j.1365-2966.2006.10684.x}
}
@book{misner1973gravitation,
  title={Gravitation},
  author={Misner, Charles W and Thorne, Kip S and Wheeler, John Archibald},
  year={1973},
  publisher={W. H. Freeman},
  isbn={9780716703440}
}

@article{capozziello2015no,
  title={No need for dark matter in galaxy clusters within modified gravity},
  author={Capozziello, Salvatore and De Laurentis, Maria and Luongo, Orlando and Paolella, Mariacristina},
  journal={Physical Review D},
  volume={92},
  number={12},
  pages={124037},
  year={2015},
  doi={10.1103/PhysRevD.92.124037}
}
@article{weisberg2016relativistic,
  title={The relativistic binary pulsar B1913+16: Thirty years of observations and analysis},
  author={Weisberg, Joel M and Taylor, Joseph H},
  journal={Astrophysical Journal},
  volume={576},
  number={2},
  pages={942--949},
  year={2005},
  doi={10.1086/341894}
}

@article{abbott2016observation,
  title={Observation of gravitational waves from a binary black hole merger},
  author={Abbott, B. P. and others (LIGO Scientific Collaboration and Virgo Collaboration)},
  journal={Physical Review Letters},
  volume={116},
  number={6},
  pages={061102},
  year={2016},
  doi={10.1103/PhysRevLett.116.061102}
}

@article{damour1991general,
  title={General relativistic celestial mechanics of binary systems. II. The post-Newtonian timing formula},
  author={Damour, Thibault and Deruelle, Nathalie},
  journal={Annales de l'I.H.P. Physique théorique},
  volume={44},
  number={3},
  pages={263--292},
  year={1986},
  url={http://www.numdam.org/item/AIHPA_1986__44_3_263_0}
}

@article{everitt2011,
  title={Gravity Probe B: Final results of a space experiment to test general relativity},
  author={Everitt, C.W.F. and DeBra, D.B. and Parkinson, B.W. and others},
  journal={Physical Review Letters},
  volume={106},
  number={22},
  pages={221101},
  year={2011},
  doi={10.1103/PhysRevLett.106.221101}
}

@article{ciufolini2004lageos,
  title={Testing General Relativity and gravitational physics using the LAGEOS satellites},
  author={Ciufolini, Ignazio and Pavlis, Erricos C},
  journal={Nature},
  volume={431},
  number={7011},
  pages={958--960},
  year={2004},
  doi={10.1038/nature03007}
}
@article{weisberg2016,
  author = {Weisberg, Joel M. and Huang, Yin},
  title = {Relativistic Measurements from Timing the Binary Pulsar PSR B1913+16},
  journal = {The Astrophysical Journal},
  year = {2016},
  volume = {829},
  number = {1},
  pages = {55},
  doi = {10.3847/0004-637X/829/1/55}
}

@article{abbott2016,
  author = {Abbott, B.P. and Abbott, R. and Abbott, T.D. and others (LIGO Scientific Collaboration and Virgo Collaboration)},
  title = {Observation of Gravitational Waves from a Binary Black Hole Merger},
  journal = {Physical Review Letters},
  volume = {116},
  number = {6},
  pages = {061102},
  year = {2016},
  doi = {10.1103/PhysRevLett.116.061102}
}

@article{matsko2005,
  author    = {A. B. Matsko and V. S. Ilchenko and L. Maleki},
  title     = {Whispering Gallery Mode Resonators as Rotation Sensors},
  journal   = {IEEE Journal of Quantum Electronics},
  volume    = {41},
  number    = {12},
  year      = {2005},
  pages     = {192–199},
  doi       = {10.1109/JQE.2005.852155}
}

@article{post1967,
  author    = {E. J. Post},
  title     = {Sagnac Effect},
  journal   = {Reviews of Modern Physics},
  volume    = {39},
  number    = {2},
  pages     = {475--493},
  year      = {1967},
  doi       = {10.1103/RevModPhys.39.475}
}

@article{leonhardt1999,
  author    = {Ulf Leonhardt and Piotr Piwnicki},
  title     = {Optics of nonuniformly moving media},
  journal   = {Physical Review A},
  volume    = {60},
  number    = {6},
  pages     = {4301--4312},
  year      = {1999},
  doi       = {10.1103/PhysRevA.60.4301}
}

@article{stedman1997,
  author    = {G. E. Stedman},
  title     = {Ring-laser tests of fundamental physics and geophysics},
  journal   = {Reports on Progress in Physics},
  volume    = {60},
  number    = {6},
  pages     = {615--688},
  year      = {1997},
  doi       = {10.1088/0034-4885/60/6/001}
}

@article{dalkiran2006,
  author    = {A. Y. Dalkiran and I. Yilmaz},
  title     = {Investigation of a fluid-filled optical ring in rotating frames},
  journal   = {Turkish Journal of Physics},
  year      = {2006},
  note      = {No DOI available}
}

@misc{schmid2009,
  author    = {C. Schmid},
  title     = {Special-relativistic analysis of the Sagnac effect},
  howpublished = {arXiv:gr-qc/0409026},
  year      = {2009},
  url       = {https://arxiv.org/abs/gr-qc/0409026}
}

@article{unruh1981,
  author  = {Unruh, W. G.},
  title   = {Experimental Black-Hole Evaporation?},
  journal = {Physical Review Letters},
  volume  = {46},
  pages   = {1351--1353},
  year    = {1981},
  doi     = {10.1103/PhysRevLett.46.1351}
}

@article{leonhardt2006,
  author    = {Leonhardt, Ulf and Philbin, Thomas G.},
  title     = {General relativity in electrical engineering},
  journal   = {New Journal of Physics},
  volume    = {8},
  number    = {10},
  pages     = {247},
  year      = {2006},
  doi       = {10.1088/1367-2630/8/10/247}
}

@article{barcelo2005,
  author  = {Barceló, Carlos and Liberati, Stefano and Visser, Matt},
  title   = {Analogue Gravity},
  journal = {Living Reviews in Relativity},
  volume  = {8},
  number  = {12},
  year    = {2005},
  doi     = {10.12942/lrr-2005-12}
}

@book{volovik2003,
  author    = {Volovik, G. E.},
  title     = {The Universe in a Helium Droplet},
  publisher = {Oxford University Press},
  year      = {2003}
}
@article{kleckner2013,
  author = {Kleckner, Dustin and Irvine, William T. M.},
  title = {Creation and dynamics of knotted vortices},
  journal = {Nature Physics},
  volume = {9},
  pages = {253--258},
  year = {2013},
  doi = {10.1038/nphys2560}
}

@article{ricca2012,
  author = {Ricca, Renzo L.},
  title = {The contributions of topology to the analysis of vortex dynamics},
  journal = {Fluid Dynamics Research},
  volume = {44},
  number = {3},
  year = {2012},
  doi = {10.1088/0169-5983/44/3/031001}
}

@book{kamchatnov2000,
  author = {Kamchatnov, A. M.},
  title = {Nonlinear Periodic Waves and Their Modulations},
  publisher = {World Scientific},
  year = {2000}
}

@article{zuccher2012,
  author = {Zuccher, S. and Caliari, M. and Baggaley, A. W. and Barenghi, C. F.},
  title = {Quantum vortex reconnections and helicity conservation in superfluids},
  journal = {Physics of Fluids},
  volume = {24},
  number = {12},
  year = {2012},
  doi = {10.1063/1.4772198}
}

@article{barenghi2014,
  author = {Barenghi, Carlo F. and Skrbek, Ladislav and Sreenivasan, Katepalli R.},
  title = {Introduction to quantum turbulence},
  journal = {PNAS},
  volume = {111},
  number = {Suppl 1},
  pages = {4647--4652},
  year = {2014},
  doi = {10.1073/pnas.1312546111}
}

@article{jensen2011,
  author = {Jensen, Kristan and Karch, Andreas},
  title = {Holographic duals of topological solitons},
  journal = {Journal of High Energy Physics},
  volume = {2011},
  number = {11},
  pages = {027},
  year = {2011},
  doi = {10.1007/JHEP11(2011)027}
}

@article{ranada1989,
  author = {Rañada, Antonio F.},
  title = {Knotted solutions of the Maxwell equations in vacuum},
  journal = {Journal of Physics A: Mathematical and General},
  volume = {23},
  number = {16},
  pages = {L815--L820},
  year = {1989},
  doi = {10.1088/0305-4470/23/16/002}
}

@misc{hsu2007,
  author = {Hsu, J. and MacDonald, J.},
  title = {Gravitational Wave Quantization in Topological Models},
  year = {2007},
  howpublished = {arXiv preprint arXiv:0708.1153},
  note = {\url{https://arxiv.org/abs/0708.1153}}
}


@article{schutzhold2002,
  author  = {Ralf Schützhold and William G. Unruh},
  title   = {Gravity wave analogues of black holes},
  journal = {Physical Review D},
  volume  = {66},
  number  = {4},
  pages   = {044019},
  year    = {2002},
  doi     = {10.1103/PhysRevD.66.044019}
}

@article{jain2018,
  author  = {Jain, Aayush and Kouznetsov, D. and Mahoney, A. and et al.},
  title   = {Topological circulators in hydrodynamic systems},
  journal = {Nature Physics},
  volume  = {14},
  number  = {1},
  pages   = {100--103},
  year    = {2018},
  doi     = {10.1038/nphys4303}
}
@book{storms2010,
  author    = {Edmund Storms},
  title     = {The Science of Low Energy Nuclear Reaction},
  publisher = {World Scientific},
  year      = {2010}
}

@book{mizuno1998,
  author    = {Tadahiko Mizuno},
  title     = {Nuclear Transmutation: The Reality of Cold Fusion},
  publisher = {Infinite Energy Press},
  year      = {1998}
}

@book{preparata1995,
  author    = {Giuliano Preparata},
  title     = {QED Coherence in Matter},
  publisher = {World Scientific},
  year      = {1995}
}

@misc{widom2005,
  author       = {A. Widom and L. Larsen},
  title        = {Ultra Low Momentum Neutron Catalyzed Reactions},
  howpublished = {arXiv preprint cond-mat/0505026},
  year         = {2005},
  url          = {https://arxiv.org/abs/cond-mat/0505026}
}

@article{taleyarkhan2002,
  author  = {R. P. Taleyarkhan et al.},
  title   = {Evidence for Nuclear Emissions During Acoustic Cavitation},
  journal = {Science},
  volume  = {295},
  number  = {5561},
  pages   = {1868--1873},
  year    = {2002},
  doi     = {10.1126/science.1067589}
}

@article{schwinger1991,
  author  = {Julian Schwinger},
  title   = {Cold Fusion: A Hypothesis},
  journal = {Zeitschrift für Physik D Atoms, Molecules and Clusters},
  volume  = {15},
  pages   = {221--225},
  year    = {1991},
  doi     = {10.1007/BF01437275}
}

@article{takahashi2015,
  author  = {Akito Takahashi},
  title   = {Mechanism of Nuclear Reaction in BEC-like Clusters},
  journal = {Journal of Condensed Matter Nuclear Science},
  volume  = {15},
  pages   = {197--202},
  year    = {2015}
}
@article{yuan1991,
  author    = {W. Yuan and H. E. Fiedler},
  title     = {Experiments on a vortex in a shear flow},
  journal   = {Experiments in Fluids},
  volume    = {10},
  pages     = {318--324},
  year      = {1991}
}

@unpublished{wang1999,
  author    = {S. Wang and M. Gharib},
  title     = {Experimental study of a vortex ring interacting with a shear layer},
  year      = {1999},
  note      = {Unpublished or conference presentation}
}

@article{cerretelli2003,
  author    = {C. Cerretelli and C. H. K. Williamson},
  title     = {The physics and scaling of vortex merging},
  journal   = {Journal of Fluid Mechanics},
  volume    = {475},
  pages     = {41--77},
  year      = {2003}
}

@article{suryanarayanan2000,
  author    = {A. Suryanarayanan and R. Narasimha},
  title     = {Vortex core dynamics in confined environments},
  journal   = {Indian Journal of Fluid Mechanics},
  year      = {2000}
}

@article{shariati2019,
  author    = {A. Shariati and A. M. Ardekani},
  title     = {Vortex pair dynamics in nonuniform swirl flows},
  journal   = {Journal of Fluid Mechanics},
  volume    = {869},
  year      = {2019}
}

@article{leweke1998,
  author    = {T. Leweke and C. H. K. Williamson},
  title     = {Coherent structure dynamics in shear flows},
  journal   = {Journal of Fluid Mechanics},
  volume    = {360},
  pages     = {85--119},
  year      = {1998}
}

@article{kambe1987,
  author    = {T. Kambe},
  title     = {Vortex sound with swirl gradients},
  journal   = {Journal of the Physical Society of Japan},
  volume    = {56},
  pages     = {163--170},
  year      = {1987}
}

@article{holm1998,
  author    = {D. D. Holm and J. E. Marsden},
  title     = {Euler-Poincaré models and vortex core dynamics},
  journal   = {Advances in Mathematics},
  volume    = {137},
  pages     = {1--81},
  year      = {1998}
}

@article{behar2000,
  author    = {E. Behar and others},
  title     = {High-resolution spectroscopy of NGC1068},
  journal   = {Astrophysical Journal},
  year      = {2000}
}

@incollection{fortov2016,
  author    = {V. Fortov},
  title     = {High Energy Densities Outside of Compact Astrophysical Objects},
  booktitle = {Extreme States of Matter},
  publisher = {Springer},
  year      = {2016}
}

@misc{thorne2008,
  author    = {K. Thorne and R. Blandford},
  title     = {Applications of Classical Physics},
  note      = {Caltech Lecture Notes},
  year      = {2008},
  howpublished = {\url{http://www.pmaweb.caltech.edu/Courses/ph136/yr2012/1200.1.K-withContents.pdf}}
}

@misc{pratt1991,
  author    = {D. Pratt},
  title     = {Trends in Cosmology: Beyond the Big Bang},
  year      = {1991},
  note      = {Online article},
  howpublished = {\url{https://www.davidpratt.info/cosmo.htm}}
}