% [0] General ontological substrate: VAM overview paper
@misc{reference_0,
    author       = {Omar Iskandarani},
    title        = {Topological \& Fluid-Dynamic Lagrangian in the Vortex Æther Model},
    year         = {2025},
    howpublished = {\url{https://doi.org/10.5281/zenodo.15772858}},
    note         = {VAM-14. Section 2.5 and 6.2 — Defines the Lagrangian structure where all mass, charge, and time flow emerge from swirl topology. Foundational overview of the VAM ontology.}
}

% [1] Particles and fields as vortex knots — universal substrate
@misc{reference_1,
    author       = {Omar Iskandarani},
    title        = {Master Equation for Particle Masses},
    year         = {2025},
    howpublished = {\url{https://doi.org/10.5281/zenodo.15706536}},
    note         = {VAM-11. Pages 4–6 — Shows how mass arises from topological invariants ℓ, H, and K. Applies to leptons, quarks, and composite hadrons. Replaces Higgs-sector mass generation with vortex energetics.}
}

% [2] Mass from Bernoulli swirl pressure and vortex core energetics
@misc{reference_2,
    author       = {Omar Iskandarani},
    title        = {Swirl-Induced Curvature as the Mechanism of Gravitation},
    year         = {2025},
    howpublished = {\url{https://doi.org/10.5281/zenodo.15669892}},
    note         = {VAM-10. Section IV.A (pp. 8–10) — Derives gravitational field from swirl pressure gradients; time dilation from local vorticity energy. Avoids spacetime curvature entirely.}
}

% [3] Charge from helicity in vortex fields (chiral vortex loops)
@misc{reference_3,
    author       = {Omar Iskandarani},
    title        = {On a Vortex-Based Lagrangian Unification of Gravity and Electromagnetism},
    year         = {2025},
    howpublished = {\url{https://doi.org/10.5281/zenodo.15669904}},
    note         = {VAM-5. Section 3.1 — Expresses charge as helicity density and shows correspondence to Maxwell field tensors through fluid helicity terms.}
}

% [4] Chiral knots and gauge charge representation
@misc{reference_4,
    author       = {Omar Iskandarani},
    title        = {Knotted Gauge Fields and Chiral Vortex Structures},
    year         = {2025},
    howpublished = {\url{https://doi.org/10.5281/zenodo.15669908}},
    note         = {VAM-6. Section 2.3 (pp. 7–9) — Maps knot chirality to gauge charges. Uses torus knot classification to assign topological identities to leptons and bosons.}
}

% [5] Spin-½ from topological twist in trefoils
@misc{reference_5,
    author       = {Omar Iskandarani},
    title        = {Knotted Gauge Fields and Chiral Vortex Structures},
    year         = {2025},
    howpublished = {\url{https://doi.org/10.5281/zenodo.15669908}},
    note         = {VAM-6. Section 3.2 (p. 10) — Demonstrates 4π rotation invariance of chiral trefoil knots and its correspondence to fermionic spin-½.}
}

% [6] Gravity from pressure gradients rather than geometry
@misc{reference_6,
    author       = {Omar Iskandarani},
    title        = {Beyond Spacetime: A Fluid-Dynamic Theory of Gravity and Time from Vorticity},
    year         = {2025},
    howpublished = {\url{https://doi.org/10.5281/zenodo.15706547}},
    note         = {VAM-13. Pages 11–14 — Replaces metric curvature with vorticity-induced pressure gradients; models time dilation via swirl flow energy.}
}

% [7] Frame dragging and gravitational swirl
@misc{reference_7,
    author       = {Omar Iskandarani},
    title        = {Swirl Clocks and Vorticity-Induced Gravity},
    year         = {2025},
    howpublished = {\url{https://doi.org/10.5281/zenodo.15566336}},
    note         = {VAM-2. Section 4.1 (pp. 6–8) — Derives frame dragging from vortex circulation and shows alignment with Lense–Thirring effect using swirl clocks.}
}

% [8] Layered time structure in VAM
@misc{reference_8,
    author       = {Omar Iskandarani},
    title        = {Beyond Spacetime: A Fluid-Dynamic Theory of Gravity and Time from Vorticity},
    year         = {2025},
    howpublished = {\url{https://doi.org/10.5281/zenodo.15706547}},
    note         = {VAM-13. Section 5.3 — Introduces layered time model with Aithēr-Time N, Chronos-time τ, and vortex clock T_v.}
}

% [9] Swirl clocks and relativistic time dilation
@misc{reference_9,
    author       = {Omar Iskandarani},
    title        = {Swirl Clocks and Vorticity-Induced Gravity},
    year         = {2025},
    howpublished = {\url{https://doi.org/10.5281/zenodo.15566336}},
    note         = {VAM-2. Section 3.2 — Explains time dilation as a consequence of local swirl angular velocity: dτ/dt = sqrt(1 - v_θ²/c²).}
}

% [10] Knot solitons as physical realization of particles
@misc{reference_10,
    author       = {Omar Iskandarani},
    title        = {Topological \& Fluid-Dynamic Lagrangian in the Vortex Æther Model},
    year         = {2025},
    howpublished = {\url{https://doi.org/10.5281/zenodo.15772858}},
    note         = {VAM-14. Section 4.1 — Particles are persistent knotted vorticity configurations in the æther; linked to quantized mass and spin.}
}

% [11] Identity of particles from topological invariants
@misc{reference_11,
    author       = {Omar Iskandarani},
    title        = {Master Equation for Particle Masses},
    year         = {2025},
    howpublished = {\url{https://doi.org/10.5281/zenodo.15706536}},
    note         = {VAM-11. Section 2.1 — Each particle’s identity is determined by its knot class, helicity, and volume integral; no wavefunction collapse required.}
}

% [12] Schrödinger equation derived from vortex energetics
@misc{reference_12,
    author       = {Omar Iskandarani},
    title        = {From Quantum Constants to Galactic Swirl},
    year         = {2025},
    howpublished = {\url{https://doi.org/10.5281/zenodo.15772855}},
    note         = {VAM-7. Section 4.1 (pp. 9–11) — Derives Schrödinger-like equation from æther Hamiltonian using swirl potential and fluid phase quantization.}
}

% [13] Circulation quantization leads to wavefunction phase evolution
@misc{reference_13,
    author       = {Omar Iskandarani},
    title        = {From Quantum Constants to Galactic Swirl},
    year         = {2025},
    howpublished = {\url{https://doi.org/10.5281/zenodo.15772855}},
    note         = {VAM-7. Section 3.4 (p. 8) — Links quantized circulation $\Gamma = n h / m$ to phase coherence in vortex loop evolution.}
}

% [14] Planck’s constant derived from vortex angular momentum
@misc{reference_14,
    author       = {Omar Iskandarani},
    title        = {Master Equation for Particle Masses},
    year         = {2025},
    howpublished = {\url{https://doi.org/10.5281/zenodo.15706536}},
    note         = {VAM-11. Page 7 — Identifies $\hbar$ with angular momentum of electron vortex: $\hbar = m_e C_e r_c$. Matches observed value using VAM constants.}
}

% [15] Canonical field quantization using phase–density conjugates
@misc{reference_15,
    author       = {Omar Iskandarani},
    title        = {Topological \& Fluid-Dynamic Lagrangian in the Vortex Æther Model},
    year         = {2025},
    howpublished = {\url{https://doi.org/10.5281/zenodo.15772858}},
    note         = {VAM-14. Section 6.3 — Derives $[\hat{\theta}(x), \hat{\rho}(y)] = i\hbar\delta^3(x-y)$ from swirl Lagrangian. Fluid phase $\theta$ becomes quantum operator.}
}

% [16] Fluid uncertainty principle: phase-density noncommutation
@misc{reference_16,
    author       = {Omar Iskandarani},
    title        = {Topological \& Fluid-Dynamic Lagrangian in the Vortex Æther Model},
    year         = {2025},
    howpublished = {\url{https://doi.org/10.5281/zenodo.15772858}},
    note         = {VAM-14. Page 15 — Demonstrates that $\Delta \theta\, \Delta \rho \ge \hbar/2$ follows from canonical æther quantization.}
}

% [17] Swirl pressure yields Newtonian potential via radial vorticity
@misc{reference_17,
    author       = {Omar Iskandarani},
    title        = {Benchmarking the Vortex Æther Model vs. General Relativity},
    year         = {2025},
    howpublished = {\url{https://doi.org/10.5281/zenodo.15665433}},
    note         = {VAM-3. Section 3.2 — Shows that radial swirl profile $\omega(r) \propto 1/r$ yields gravitational potential $\Phi \propto -1/r$.}
}

% [18] Time dilation derived from helicity density (general case)
@misc{reference_18,
    author       = {Omar Iskandarani},
    title        = {Benchmarking the Vortex Æther Model vs. General Relativity},
    year         = {2025},
    howpublished = {\url{https://doi.org/10.5281/zenodo.15665433}},
    note         = {VAM-3. Equation (14), Section 2.4 — General time dilation formula: $d\tau = dt \sqrt{1 - \alpha \frac{\mathbf{v} \cdot \boldsymbol{\omega}}{C_e \omega_0}}$.}
}

% [19] Master formula for Newton’s G from VAM constants
@misc{reference_19,
    author       = {Omar Iskandarani},
    title        = {Benchmarking the Vortex Æther Model vs. General Relativity},
    year         = {2025},
    howpublished = {\url{https://doi.org/10.5281/zenodo.15665433}},
    note         = {VAM-3. Equation (1), p. 3 — $G = \frac{C_e c^5 t_p^2}{2 F_{\max} r_c^2}$. Shows gravitational constant arises from vortex core energy geometry.}
}

% [20] Electron mass from core energy and swirl density
@misc{reference_20,
    author       = {Omar Iskandarani},
    title        = {Master Equation for Particle Masses},
    year         = {2025},
    howpublished = {\url{https://doi.org/10.5281/zenodo.15706536}},
    note         = {VAM-11. Equation (4), p. 5 — $M = \frac{1}{\varphi} \cdot \frac{4}{\alpha} \cdot \left( \frac{1}{2} \rho_{\ae} C_e^2 V \right)$. Reproduces $m_e$ within 1%.}
}

% [21] Unified mass formula using æther density and amplification factor
@misc{reference_21,
    author       = {Omar Iskandarani},
    title        = {Master Equation for Particle Masses},
    year         = {2025},
    howpublished = {\url{https://doi.org/10.5281/zenodo.15706536}},
    note         = {VAM-11. Section 3.2 — Introduces amplification factor $\frac{4}{\alpha\varphi}$ and volume-based knot correction factor $\xi(n)$.}
}

% [22] Proper time from vortex swirl angular velocity
@misc{reference_22,
    author       = {Omar Iskandarani},
    title        = {Time Dilation in a 3D Superfluid Æther Model},
    year         = {2025},
    howpublished = {\url{https://doi.org/10.5281/zenodo.15669795}},
    note         = {VAM-1. Equation (3), p. 3 — $d\tau = dt \sqrt{1 - |\vec{\omega}|^2/c^2}$. Time dilation from local vorticity field strength.}
}

% [23] Vortex proper time $T_v$ and swirl phase clocks
@misc{reference_23,
    author       = {Omar Iskandarani},
    title        = {Swirl Clocks and Vorticity-Induced Gravity},
    year         = {2025},
    howpublished = {\url{https://doi.org/10.5281/zenodo.15566336}},
    note         = {VAM-2. Section 2.4 — Introduces vortex proper time $T_v$ as closed-loop swirl phase period: $T_v = \oint ds / v_{\rm phase}$.}
}

% [24] Chronos-Time and Kairos moments (topological change)
@misc{reference_24,
    author       = {Omar Iskandarani},
    title        = {Beyond Spacetime: A Fluid-Dynamic Theory of Gravity and Time from Vorticity},
    year         = {2025},
    howpublished = {\url{https://doi.org/10.5281/zenodo.15706547}},
    note         = {VAM-13. Section 5.5 — Defines “Kairos” time as a discrete moment of reconnection/topology change; distinguishes from Chronos and Aithēr-Time.}
}

% [25] Geometric derivation of fine-structure constant and golden ratio
@misc{reference_25,
    author       = {Omar Iskandarani},
    title        = {From Quantum Constants to Galactic Swirl},
    year         = {2025},
    howpublished = {\url{https://doi.org/10.5281/zenodo.15772855}},
    note         = {VAM-7. Appendix A — Derives $\alpha$ and $\varphi$ from nested vortex shells and Fibonacci winding geometry.}
}

% [26] Quantization from swirl periodicity and vortex clock cycles
@misc{reference_26,
    author       = {Omar Iskandarani},
    title        = {Time Dilation in a 3D Superfluid Æther Model},
    year         = {2025},
    howpublished = {\url{https://doi.org/10.5281/zenodo.15669795}},
    note         = {VAM-1. Section 4.2 — Quantized energy levels emerge from vortex periodicity: discrete $n$ linked to swirl clock cycles.}
}

% [27] Redshift from vortex-induced refractive index
@misc{reference_27,
    author       = {Omar Iskandarani},
    title        = {Swirl-Induced Curvature as the Mechanism of Gravitation},
    year         = {2025},
    howpublished = {\url{https://doi.org/10.5281/zenodo.15669892}},
    note         = {VAM-10. Section IV.C — Explains gravitational redshift as refractive index effect from high swirl density.}
}

% [28] Background swirl field explains flat galactic rotation curves
@misc{reference_28,
    author       = {Omar Iskandarani},
    title        = {From Quantum Constants to Galactic Swirl},
    year         = {2025},
    howpublished = {\url{https://doi.org/10.5281/zenodo.15772855}},
    note         = {VAM-7. Section 5 — Vortex tail solution with $\omega(r) \to \omega_{\rm bg}$ explains observed galaxy rotation without dark matter.}
}

% [29] Time dilation near vortex knots and frame dragging field
@misc{reference_29,
    author       = {Omar Iskandarani},
    title        = {Swirl Clocks and Vorticity-Induced Gravity},
    year         = {2025},
    howpublished = {\url{https://doi.org/10.5281/zenodo.15566336}},
    note         = {VAM-2. Section 5.2 — Models frame dragging as swirl velocity field $\vec{v}_\theta$ around knotted mass; induces local time shift.}
}

% [30] Entanglement via linked vortex loops and shared swirl phase
@misc{reference_30,
    author       = {Omar Iskandarani},
    title        = {Swirl Clocks and Vorticity-Induced Gravity},
    year         = {2025},
    howpublished = {\url{https://doi.org/10.5281/zenodo.15566336}},
    note         = {VAM-2. Section 5.4 — Models entangled pairs as topologically linked vortices. Conserved linking number induces correlated swirl-phase behavior across distance.}
}

% [31] Spin-statistics from knot symmetry: 4π vs 2π for fermions/bosons
@misc{reference_31,
    author       = {Omar Iskandarani},
    title        = {Knotted Gauge Fields and Chiral Vortex Structures},
    year         = {2025},
    howpublished = {\url{https://doi.org/10.5281/zenodo.15669908}},
    note         = {VAM-6. Section 3.3 — Fermions modeled as chiral knots with 4π symmetry (e.g. trefoil), bosons as symmetric loops with 2π closure.}
}

% [32] Measurement as topological bifurcation (Kairos moment)
@misc{reference_32,
    author       = {Omar Iskandarani},
    title        = {Beyond Spacetime: A Fluid-Dynamic Theory of Gravity and Time from Vorticity},
    year         = {2025},
    howpublished = {\url{https://doi.org/10.5281/zenodo.15706547}},
    note         = {VAM-13. Section 5.5 — Defines “Kairos” events as moments of topological reconnection; maps quantum measurement to discontinuous swirl transition.}
}

% [33] VAM reinterpretation of photon as unknot vortex ring
@misc{reference_33,
    author       = {Omar Iskandarani},
    title        = {Knotted Gauge Fields and Chiral Vortex Structures},
    year         = {2025},
    howpublished = {\url{https://doi.org/10.5281/zenodo.15669908}},
    note         = {VAM-6. Section 2.1 — Models photon as propagating unknotted vortex ring with transverse swirl; polarization arises from swirl orientation.}
}

% [34] Electron as chiral trefoil knot (T₂,₃)
@misc{reference_34,
    author       = {Omar Iskandarani},
    title        = {Master Equation for Particle Masses},
    year         = {2025},
    howpublished = {\url{https://doi.org/10.5281/zenodo.15706536}},
    note         = {VAM-11. Page 6 — Identifies electron with a trefoil knot (T₂,₃), embedding chirality and helicity into its spin-charge structure.}
}

% [35] Strong force as inter-knot linking potential
@misc{reference_35,
    author       = {Omar Iskandarani},
    title        = {Knotted Gauge Fields and Chiral Vortex Structures},
    year         = {2025},
    howpublished = {\url{https://doi.org/10.5281/zenodo.15669908}},
    note         = {VAM-6. Section 3.4 — Suggests gluon-like interactions arise from linking-number-dependent vortex tension. Color triplets modeled via triskelion braid knots.}
}

% [36] Swirl phase decoherence as collapse mechanism
@misc{reference_36,
    author       = {Omar Iskandarani},
    title        = {Swirl Clocks and Vorticity-Induced Gravity},
    year         = {2025},
    howpublished = {\url{https://doi.org/10.5281/zenodo.15566336}},
    note         = {VAM-2. Section 6.1 — Describes loss of coherence as disruption of synchronized swirl-phase evolution in multiknot states. No wavefunction needed.}
}

% [37] Path integral as vortex topological sum over histories
@misc{reference_37,
    author       = {Omar Iskandarani},
    title        = {Topological \& Fluid-Dynamic Lagrangian in the Vortex Æther Model},
    year         = {2025},
    howpublished = {\url{https://doi.org/10.5281/zenodo.15772858}},
    note         = {VAM-14. Section 6.4 — Introduces path integral as a sum over knot classes and reconnection histories: $\sum_{K} \int \mathcal{D}\theta\, e^{iS_K/\hbar}$.}
}

% [38] Chronos-time synchronization yields entanglement structure
@misc{reference_38,
    author       = {Omar Iskandarani},
    title        = {Beyond Spacetime: A Fluid-Dynamic Theory of Gravity and Time from Vorticity},
    year         = {2025},
    howpublished = {\url{https://doi.org/10.5281/zenodo.15706547}},
    note         = {VAM-13. Section 5.4 — Temporal entanglement emerges from aligned Chronos-time evolution in distant knots linked by shared æther vortex background.}
}

% [39] Gauge bosons as vortex excitation modes
@misc{reference_39,
    author       = {Omar Iskandarani},
    title        = {On a Vortex-Based Lagrangian Unification of Gravity and Electromagnetism},
    year         = {2025},
    howpublished = {\url{https://doi.org/10.5281/zenodo.15669904}},
    note         = {VAM-5. Section 4.2 — Gauge fields appear as quantized transverse swirl modes in localized knotted regions; unifies $U(1)$ and $SU(2)$ flows.}
}

% [40] Quantized creation/annihilation = vortex reconnection
@misc{reference_40,
    author       = {Omar Iskandarani},
    title        = {Topological \& Fluid-Dynamic Lagrangian in the Vortex Æther Model},
    year         = {2025},
    howpublished = {\url{https://doi.org/10.5281/zenodo.15772858}},
    note         = {VAM-14. Section 6.5 — Particle creation modeled as emergence of new closed vortex; annihilation = reconnection into trivial topology.}
}

% [41] VAM rederives Lorentz invariance in low-swirl limit
@misc{reference_41,
    author       = {Omar Iskandarani},
    title        = {Beyond Spacetime: A Fluid-Dynamic Theory of Gravity and Time from Vorticity},
    year         = {2025},
    howpublished = {\url{https://doi.org/10.5281/zenodo.15706547}},
    note         = {VAM-13. Section 3.2 — Lorentz symmetry emerges as effective limit from swirl curvature metric $ds^2 = C_e^2 dT_v^2 - d\ell^2$ for small $\omega$.}
}

% [42] Magnetic and electric fields from swirl-helicity algebra
@misc{reference_42,
    author       = {Omar Iskandarani},
    title        = {On a Vortex-Based Lagrangian Unification of Gravity and Electromagnetism},
    year         = {2025},
    howpublished = {\url{https://doi.org/10.5281/zenodo.15669904}},
    note         = {VAM-5. Section 2.2 — Swirl tension $\vec{E}_{\ae}$ and rotational curl $\vec{B}_{\ae}$ derived from vortex helicity gradients and æther velocity fields.}
}

% [43] Vacuum permittivity from æther flow stiffness
@misc{reference_43,
    author       = {Omar Iskandarani},
    title        = {On a Vortex-Based Lagrangian Unification of Gravity and Electromagnetism},
    year         = {2025},
    howpublished = {\url{https://doi.org/10.5281/zenodo.15669904}},
    note         = {VAM-5. Appendix A — Derives $\varepsilon_0 = 1/(\mu_0 c^2)$ from æther elastic tension. Electromagnetic waves are fluid compressional ripples.}
}

% [44] Charge quantization via vortex linking number
@misc{reference_44,
    author       = {Omar Iskandarani},
    title        = {Knotted Gauge Fields and Chiral Vortex Structures},
    year         = {2025},
    howpublished = {\url{https://doi.org/10.5281/zenodo.15669908}},
    note         = {VAM-6. Section 4.1 — Shows electric charge quantization arises from discrete helicity jumps in knotted-vortex recombination.}
}

% [45] Spin orientation and precession from vortex tilt
@misc{reference_45,
    author       = {Omar Iskandarani},
    title        = {Swirl Clocks and Vorticity-Induced Gravity},
    year         = {2025},
    howpublished = {\url{https://doi.org/10.5281/zenodo.15566336}},
    note         = {VAM-2. Section 5.5 — Magnetic alignment modeled as tilt-precession of swirl axis under background vorticity field. Reproduces spin torque.}
}

% [46] Lorentz force from Bernoulli + Magnus terms
@misc{reference_46,
    author       = {Omar Iskandarani},
    title        = {Benchmarking the Vortex Æther Model vs. General Relativity},
    year         = {2025},
    howpublished = {\url{https://doi.org/10.5281/zenodo.15665433}},
    note         = {VAM-3. Section 3.4 — Derives $\vec{F}_{\rm vortex} = \rho_{\text{\ae}} \Gamma (\hat{T} \times \Delta \vec{v})$ as analogue of Lorentz force law.}
}

% [47] Energy spectrum of standing vortex loop modes
@misc{reference_47,
    author       = {Omar Iskandarani},
    title        = {Master Equation for Particle Masses},
    year         = {2025},
    howpublished = {\url{https://doi.org/10.5281/zenodo.15706536}},
    note         = {VAM-11. Section 4.1 — Internal knot excitation levels yield quantized energy states $E_n \propto n^2$ for looped circulation.}
}

% [48] Charge-parity symmetry from mirror knot inversion
@misc{reference_48,
    author       = {Omar Iskandarani},
    title        = {Knotted Gauge Fields and Chiral Vortex Structures},
    year         = {2025},
    howpublished = {\url{https://doi.org/10.5281/zenodo.15669908}},
    note         = {VAM-6. Section 5.1 — Inversion of trefoil handedness maps electron $\leftrightarrow$ positron; parity transformation reflects knot twist.}
}

% [49] Photon polarization from swirl vector projection
@misc{reference_49,
    author       = {Omar Iskandarani},
    title        = {Knotted Gauge Fields and Chiral Vortex Structures},
    year         = {2025},
    howpublished = {\url{https://doi.org/10.5281/zenodo.15669908}},
    note         = {VAM-6. Section 2.2 — Polarization state given by swirl orientation of ring vortex. Linear/circular polarization correspond to swirl axis vector.}
}

% [50] EM waves as transverse swirl oscillations in æther
@misc{reference_50,
    author       = {Omar Iskandarani},
    title        = {On a Vortex-Based Lagrangian Unification of Gravity and Electromagnetism},
    year         = {2025},
    howpublished = {\url{https://doi.org/10.5281/zenodo.15669904}},
    note         = {VAM-5. Section 2.4 — Electromagnetic waves modeled as alternating swirl tension and rotation fields, consistent with Maxwell curl equations.}
}

% [51] Zitterbewegung as vortex core oscillation
@misc{reference_51,
    author       = {Omar Iskandarani},
    title        = {Master Equation for Particle Masses},
    year         = {2025},
    howpublished = {\url{https://doi.org/10.5281/zenodo.15706536}},
    note         = {VAM-11. Section 4.2 — Identifies Zitterbewegung with internal swirling of electron knot; oscillates at Compton scale.}
}

% [52] Magnetic monopoles as vortex bifurcation points
@misc{reference_52,
    author       = {Omar Iskandarani},
    title        = {Knotted Gauge Fields and Chiral Vortex Structures},
    year         = {2025},
    howpublished = {\url{https://doi.org/10.5281/zenodo.15669908}},
    note         = {VAM-6. Section 5.2 — Models monopoles as topological defects where loop vortex reconnects into radial form.}
}

% [53] Duality between twist and circulation
@misc{reference_53,
    author       = {Omar Iskandarani},
    title        = {Knotted Gauge Fields and Chiral Vortex Structures},
    year         = {2025},
    howpublished = {\url{https://doi.org/10.5281/zenodo.15669908}},
    note         = {VAM-6. Section 4.2 — Shows topological duality: circulation (momentum) vs. twist (spin); unifies EM and spinor field behavior.}
}

% [54] Quantized knot invariants as mass spectrum
@misc{reference_54,
    author       = {Omar Iskandarani},
    title        = {Master Equation for Particle Masses},
    year         = {2025},
    howpublished = {\url{https://doi.org/10.5281/zenodo.15706536}},
    note         = {VAM-11. Section 2.2 — Mass spectrum generated from linking number, helicity, and twist with amplification by $\alpha$ and $\varphi$.}
}

% [55] Noether theorem applied to circulation conservation
@misc{reference_55,
    author       = {Omar Iskandarani},
    title        = {Topological \& Fluid-Dynamic Lagrangian in the Vortex Æther Model},
    year         = {2025},
    howpublished = {\url{https://doi.org/10.5281/zenodo.15772858}},
    note         = {VAM-14. Section 4.3 — Vortex circulation invariance arises from symmetry in angular swirl; fluid Noether current derived.}
}

% [56] Quantum vacuum as swirl fluctuations
@misc{reference_56,
    author       = {Omar Iskandarani},
    title        = {Topological \& Fluid-Dynamic Lagrangian in the Vortex Æther Model},
    year         = {2025},
    howpublished = {\url{https://doi.org/10.5281/zenodo.15772858}},
    note         = {VAM-14. Section 7.1 — Background zero-point energy described as chaotic swirl bath in incompressible æther. Matches Casimir behavior.}
}

% [57] Energy density of vacuum derived from swirl spectrum
@misc{reference_57,
    author       = {Omar Iskandarani},
    title        = {Topological \& Fluid-Dynamic Lagrangian in the Vortex Æther Model},
    year         = {2025},
    howpublished = {\url{https://doi.org/10.5281/zenodo.15772858}},
    note         = {VAM-14. Section 7.2 — Computes energy density of æther vacuum from swirl fluctuation spectrum cutoff at Planck scale.}
}

% [58] Inertia from resistance to swirl acceleration
@misc{reference_58,
    author       = {Omar Iskandarani},
    title        = {Benchmarking the Vortex Æther Model vs. General Relativity},
    year         = {2025},
    howpublished = {\url{https://doi.org/10.5281/zenodo.15665433}},
    note         = {VAM-3. Section 4.1 — Inertial mass modeled as æther drag against vortex acceleration: $F = \rho_{\ae} V a$.}
}

% [59] Universal speed limit from swirl rigidity
@misc{reference_59,
    author       = {Omar Iskandarani},
    title        = {Time Dilation in a 3D Superfluid Æther Model},
    year         = {2025},
    howpublished = {\url{https://doi.org/10.5281/zenodo.15669795}},
    note         = {VAM-1. Section 3.1 — Speed limit $c$ emerges from maximal tangential swirl speed in stable vortex structures.}
}

% [60] Gravitational lensing as pressure gradient refraction
@misc{reference_60,
    author       = {Omar Iskandarani},
    title        = {Swirl-Induced Curvature as the Mechanism of Gravitation},
    year         = {2025},
    howpublished = {\url{https://doi.org/10.5281/zenodo.15669892}},
    note         = {VAM-10. Section V — Light bending modeled as æther wave refraction in pressure gradient field near high-vorticity region.}
}

% [61] Kerr-like dragging from rotating vortex torus
@misc{reference_61,
    author       = {Omar Iskandarani},
    title        = {Swirl Clocks and Vorticity-Induced Gravity},
    year         = {2025},
    howpublished = {\url{https://doi.org/10.5281/zenodo.15566336}},
    note         = {VAM-2. Section 6.2 — Frame dragging derived from nested swirl loops. Models rotating masses as toroidal vortex bundles.}
}

% [62] Black hole horizon as swirl gradient wall
@misc{reference_62,
    author       = {Omar Iskandarani},
    title        = {Swirl-Induced Curvature as the Mechanism of Gravitation},
    year         = {2025},
    howpublished = {\url{https://doi.org/10.5281/zenodo.15669892}},
    note         = {VAM-10. Section VI — Models horizon as transition layer where swirl velocity approaches $c$. Matches Schwarzschild radius.}
}

% [63] Swirl escape cone and æther trapping
@misc{reference_63,
    author       = {Omar Iskandarani},
    title        = {Swirl-Induced Curvature as the Mechanism of Gravitation},
    year         = {2025},
    howpublished = {\url{https://doi.org/10.5281/zenodo.15669892}},
    note         = {VAM-10. Section VI.B — Predicts angular escape cone for photons in strong swirl gradient field. Analog of photon sphere.}
}

% [64] Thermodynamic derivation of gravity from swirl entropy
@misc{reference_64,
    author       = {Omar Iskandarani},
    title        = {Beyond Spacetime: A Fluid-Dynamic Theory of Gravity and Time from Vorticity},
    year         = {2025},
    howpublished = {\url{https://doi.org/10.5281/zenodo.15706547}},
    note         = {VAM-13. Section 6 — Gravity as entropy gradient of swirl configuration; links pressure, density, and thermal time.}
}

% [65] Universe as nested hierarchy of swirl domains
@misc{reference_65,
    author       = {Omar Iskandarani},
    title        = {Fractal Swirl: Nested Structure of the Vortex Æther},
    year         = {2025},
    howpublished = {\url{https://doi.org/10.5281/zenodo.15772860}},
    note         = {VAM-12. Section 2.3 — Suggests nested vorticity layers form galactic, stellar, and particle-scale hierarchies.}
}

% [66] Milky Way modeled as global chiral knot
@misc{reference_66,
    author       = {Omar Iskandarani},
    title        = {Milky Way as a Chiral Swirl-Knot Network},
    year         = {2025},
    howpublished = {\url{https://doi.org/10.5281/zenodo.15772861}},
    note         = {VAM-9. Abstract + Section 3 — Treats galactic spiral arms as swirl vortex filaments with embedded chirality.}
}

% [67] Spiral galaxies from topological æther flows
@misc{reference_67,
    author       = {Omar Iskandarani},
    title        = {Milky Way as a Chiral Swirl-Knot Network},
    year         = {2025},
    howpublished = {\url{https://doi.org/10.5281/zenodo.15772861}},
    note         = {VAM-9. Section 4.2 — Classifies galactic topology using vortex chirality and phase defects.}
}

% [68] Early universe: swirl inflation hypothesis
@misc{reference_68,
    author       = {Omar Iskandarani},
    title        = {Fractal Swirl: Nested Structure of the Vortex Æther},
    year         = {2025},
    howpublished = {\url{https://doi.org/10.5281/zenodo.15772860}},
    note         = {VAM-12. Section 4.1 — Postulates rapid early expansion via centrifugal instability in high-swirl density core.}
}

% [69] Æther turbulence and quantum foam analog
@misc{reference_69,
    author       = {Omar Iskandarani},
    title        = {Fractal Swirl: Nested Structure of the Vortex Æther},
    year         = {2025},
    howpublished = {\url{https://doi.org/10.5281/zenodo.15772860}},
    note         = {VAM-12. Section 5.2 — Describes quantum foam as nested turbulence in swirl-dominated superfluid.}
}

% [70] Æther equation of state: incompressible + thermalized swirl
@misc{reference_70,
    author       = {Omar Iskandarani},
    title        = {Fractal Swirl: Nested Structure of the Vortex Æther},
    year         = {2025},
    howpublished = {\url{https://doi.org/10.5281/zenodo.15772860}},
    note         = {VAM-12. Section 3.2 — Defines thermodynamic variables for æther: constant density, pressure from swirl energy, entropy from vortex complexity.}
}

% [71] Blackbody spectrum from swirl energy quantization
@misc{reference_71,
    author       = {Omar Iskandarani},
    title        = {From Quantum Constants to Galactic Swirl},
    year         = {2025},
    howpublished = {\url{https://doi.org/10.5281/zenodo.15772855}},
    note         = {VAM-7. Section 6.1 — Derives Planck blackbody law by quantizing vortex swirl harmonics; replaces photon gas with swirl field modes.}
}

% [72] Stefan–Boltzmann law from æther surface swirl
@misc{reference_72,
    author       = {Omar Iskandarani},
    title        = {Fractal Swirl: Nested Structure of the Vortex Æther},
    year         = {2025},
    howpublished = {\url{https://doi.org/10.5281/zenodo.15772860}},
    note         = {VAM-12. Section 6.2 — Æther radiative flux proportional to $T^4$ from surface swirl pressure.}
}

% [73] Temporal asymmetry and swirl entropy growth
@misc{reference_73,
    author       = {Omar Iskandarani},
    title        = {Beyond Spacetime: A Fluid-Dynamic Theory of Gravity and Time from Vorticity},
    year         = {2025},
    howpublished = {\url{https://doi.org/10.5281/zenodo.15706547}},
    note         = {VAM-13. Section 6.2 — Time's arrow explained as increase in ætheric swirl disorder; links with thermodynamic time.}
}

% [74] Time–temperature duality in swirl regions
@misc{reference_74,
    author       = {Omar Iskandarani},
    title        = {Fractal Swirl: Nested Structure of the Vortex Æther},
    year         = {2025},
    howpublished = {\url{https://doi.org/10.5281/zenodo.15772860}},
    note         = {VAM-12. Section 5.4 — Connects time dilation to local temperature via Bernoulli pressure: $T \propto 1/\sqrt{1 - \omega^2/c^2}$.}
}

% [75] Thermal vortex excitations as statistical ensemble
@misc{reference_75,
    author       = {Omar Iskandarani},
    title        = {Fractal Swirl: Nested Structure of the Vortex Æther},
    year         = {2025},
    howpublished = {\url{https://doi.org/10.5281/zenodo.15772860}},
    note         = {VAM-12. Section 3.4 — Interprets vortex distributions at finite temperature as microcanonical statistical states.}
}

% [76] Vortex-based partition function for æther system
@misc{reference_76,
    author       = {Omar Iskandarani},
    title        = {Fractal Swirl: Nested Structure of the Vortex Æther},
    year         = {2025},
    howpublished = {\url{https://doi.org/10.5281/zenodo.15772860}},
    note         = {VAM-12. Section 6.1 — Defines partition sum over vortex loop energies: $Z = \sum e^{-E_n/kT}$ where $E_n$ comes from swirl tension.}
}

% [77] Cosmic microwave background as thermal swirl
@misc{reference_77,
    author       = {Omar Iskandarani},
    title        = {From Quantum Constants to Galactic Swirl},
    year         = {2025},
    howpublished = {\url{https://doi.org/10.5281/zenodo.15772855}},
    note         = {VAM-7. Section 6.3 — Reinterprets CMB as remnant swirl equilibrium from early ætheric turbulence, not photon relic.}
}

% [78] Vacuum pressure from standing swirl modes
@misc{reference_78,
    author       = {Omar Iskandarani},
    title        = {Fractal Swirl: Nested Structure of the Vortex Æther},
    year         = {2025},
    howpublished = {\url{https://doi.org/10.5281/zenodo.15772860}},
    note         = {VAM-12. Section 7 — Standing vortex modes in boundary-constrained æther cavities reproduce Casimir vacuum pressure.}
}

% [79] Quantum statistics from knot exchange symmetry
@misc{reference_79,
    author       = {Omar Iskandarani},
    title        = {Knotted Gauge Fields and Chiral Vortex Structures},
    year         = {2025},
    howpublished = {\url{https://doi.org/10.5281/zenodo.15669908}},
    note         = {VAM-6. Section 3.4 — Knot types under exchange generate fermionic or bosonic statistics due to phase twist group structure.}
}

% [80] Thermodynamic time defined from swirl deformation rate
@misc{reference_80,
    author       = {Omar Iskandarani},
    title        = {Beyond Spacetime: A Fluid-Dynamic Theory of Gravity and Time from Vorticity},
    year         = {2025},
    howpublished = {\url{https://doi.org/10.5281/zenodo.15706547}},
    note         = {VAM-13. Section 6.3 — Thermodynamic time flow measured by net change in swirl deformation tensor.}
}

% [81] Swirl stress tensor as energy-momentum flux
@misc{reference_81,
    author       = {Omar Iskandarani},
    title        = {Topological \& Fluid-Dynamic Lagrangian in the Vortex Æther Model},
    year         = {2025},
    howpublished = {\url{https://doi.org/10.5281/zenodo.15772858}},
    note         = {VAM-14. Section 5.2 — Constructs energy-momentum tensor from swirl strain, Bernoulli pressure, and vorticity tensor $\omega_{ij}$.}
}

% [82] Pressure as time curvature analogue
@misc{reference_82,
    author       = {Omar Iskandarani},
    title        = {Time Dilation in a 3D Superfluid Æther Model},
    year         = {2025},
    howpublished = {\url{https://doi.org/10.5281/zenodo.15669795}},
    note         = {VAM-1. Section 3.2 — Local pressure increase from swirl energy mimics time contraction; replaces curvature scalar.}
}

% [83] Æther thermodynamic identity: dE = PdV + swirl work
@misc{reference_83,
    author       = {Omar Iskandarani},
    title        = {Fractal Swirl: Nested Structure of the Vortex Æther},
    year         = {2025},
    howpublished = {\url{https://doi.org/10.5281/zenodo.15772860}},
    note         = {VAM-12. Section 6.3 — Rewrites first law for æther: $dE = P\,dV + C_e^2\,d\omega^2$.}
}

% [84] Bekenstein bound as maximum swirl information density
@misc{reference_84,
    author       = {Omar Iskandarani},
    title        = {Beyond Spacetime: A Fluid-Dynamic Theory of Gravity and Time from Vorticity},
    year         = {2025},
    howpublished = {\url{https://doi.org/10.5281/zenodo.15706547}},
    note         = {VAM-13. Section 7.2 — Derives Bekenstein bound from swirl phase resolution and æther lattice density.}
}

% [85] Swirl Lagrangian includes quantum and gravitational terms
@misc{reference_85,
    author       = {Omar Iskandarani},
    title        = {Topological \& Fluid-Dynamic Lagrangian in the Vortex Æther Model},
    year         = {2025},
    howpublished = {\url{https://doi.org/10.5281/zenodo.15772858}},
    note         = {VAM-14. Section 6.1 — Combines $L = \frac{1}{2} \rho_{\text{\ae}} v^2 - P - \lambda \nabla \cdot \vec{v}$ with topological terms to recover Einstein–Maxwell dynamics.}
}

% [86] Electromagnetic unification via swirl helicity flux
@misc{reference_86,
    author       = {Omar Iskandarani},
    title        = {On a Vortex-Based Lagrangian Unification of Gravity and Electromagnetism},
    year         = {2025},
    howpublished = {\url{https://doi.org/10.5281/zenodo.15669904}},
    note         = {VAM-5. Section 4.1 — Unified field strength tensor from æther helicity and circulation transport.}
}

% [87] Vortex knots as Standard Model basis
@misc{reference_87,
    author       = {Omar Iskandarani},
    title        = {Master Equation for Particle Masses},
    year         = {2025},
    howpublished = {\url{https://doi.org/10.5281/zenodo.15706536}},
    note         = {VAM-11. Section 5 — Proposes knot-based periodic table of particles with mass, spin, and charge from topological class.}
}

% [88] Gauge fields emerge from vortex topology
@misc{reference_88,
    author       = {Omar Iskandarani},
    title        = {Knotted Gauge Fields and Chiral Vortex Structures},
    year         = {2025},
    howpublished = {\url{https://doi.org/10.5281/zenodo.15669908}},
    note         = {VAM-6. Section 5.3 — Gauge symmetry arises from allowed deformations of knot cross-section without reconnection.}
}

% [89] Mass–spin–charge unification via trefoil + linking
@misc{reference_89,
    author       = {Omar Iskandarani},
    title        = {Master Equation for Particle Masses},
    year         = {2025},
    howpublished = {\url{https://doi.org/10.5281/zenodo.15706536}},
    note         = {VAM-11. Section 4.3 — All particle properties derived from topological entanglement of trefoils, torus knots, and chirality.}
}

% [90] Hopfions as linked vortex configurations in VAM
@misc{reference_90,
    author       = {Omar Iskandarani},
    title        = {Knotted Gauge Fields and Chiral Vortex Structures},
    year         = {2025},
    howpublished = {\url{https://doi.org/10.5281/zenodo.15669908}},
    note         = {VAM-6. Section 5.4 — Models Hopfions as linked vortex rings with conserved helicity; potential candidates for neutrinos.}
}

% [91] Topological charge defined from Hopf index
@misc{reference_91,
    author       = {Omar Iskandarani},
    title        = {Topological \& Fluid-Dynamic Lagrangian in the Vortex Æther Model},
    year         = {2025},
    howpublished = {\url{https://doi.org/10.5281/zenodo.15772858}},
    note         = {VAM-14. Section 5.3 — Defines topological charge $H = \int \mathbf{v} \cdot \boldsymbol{\omega} \, d^3x$ and classifies vortex fields by Hopf number.}
}

% [92] Achiral knots as gravitationally inert: dark matter model
@misc{reference_92,
    author       = {Omar Iskandarani},
    title        = {Milky Way as a Chiral Swirl-Knot Network},
    year         = {2025},
    howpublished = {\url{https://doi.org/10.5281/zenodo.15772861}},
    note         = {VAM-9. Section 5.1 — Suggests achiral vortex knots do not couple to swirl gravity; form inert halo candidates (dark matter analogs).}
}

% [93] Chirality as time-directional vortex coupling
@misc{reference_93,
    author       = {Omar Iskandarani},
    title        = {Beyond Spacetime: A Fluid-Dynamic Theory of Gravity and Time from Vorticity},
    year         = {2025},
    howpublished = {\url{https://doi.org/10.5281/zenodo.15706547}},
    note         = {VAM-13. Section 5.1 — Defines chirality as orientation of swirl rotation relative to Aithēr-Time; determines matter–antimatter distinction.}
}

% [94] Mirror-symmetric knots have no net time dilation
@misc{reference_94,
    author       = {Omar Iskandarani},
    title        = {Milky Way as a Chiral Swirl-Knot Network},
    year         = {2025},
    howpublished = {\url{https://doi.org/10.5281/zenodo.15772861}},
    note         = {VAM-9. Section 3.3 — Shows symmetric knot pairs have canceling swirl fields; explains why they are gravitationally cold.}
}

% [95] SU(2) algebra from 2D swirl–spin states
@misc{reference_95,
    author       = {Omar Iskandarani},
    title        = {Knotted Gauge Fields and Chiral Vortex Structures},
    year         = {2025},
    howpublished = {\url{https://doi.org/10.5281/zenodo.15669908}},
    note         = {VAM-6. Section 5.5 — Maps vortex rotation axes and handedness onto SU(2) doublets using knot state transitions.}
}

% [96] SU(3) from triskelion braid vortices
@misc{reference_96,
    author       = {Omar Iskandarani},
    title        = {Knotted Gauge Fields and Chiral Vortex Structures},
    year         = {2025},
    howpublished = {\url{https://doi.org/10.5281/zenodo.15669908}},
    note         = {VAM-6. Section 5.6 — Vortex braids with triple crossings mapped to SU(3) color symmetry; 8 generator modes from filament permutation.}
}

% [97] QED as helicity exchange through reconnection
@misc{reference_97,
    author       = {Omar Iskandarani},
    title        = {On a Vortex-Based Lagrangian Unification of Gravity and Electromagnetism},
    year         = {2025},
    howpublished = {\url{https://doi.org/10.5281/zenodo.15669904}},
    note         = {VAM-5. Section 5 — Electron–photon interactions arise from reconnection of loop and ring vortices; reproduces charge conservation.}
}

% [98] Charge conservation from helicity preservation
@misc{reference_98,
    author       = {Omar Iskandarani},
    title        = {On a Vortex-Based Lagrangian Unification of Gravity and Electromagnetism},
    year         = {2025},
    howpublished = {\url{https://doi.org/10.5281/zenodo.15669904}},
    note         = {VAM-5. Section 3.2 — Global helicity integral $H = \int \mathbf{v} \cdot \boldsymbol{\omega}$ invariant under smooth flow → conserved electric charge.}
}

% [99] Photon emission = loop reconnection releasing swirl
@misc{reference_99,
    author       = {Omar Iskandarani},
    title        = {Knotted Gauge Fields and Chiral Vortex Structures},
    year         = {2025},
    howpublished = {\url{https://doi.org/10.5281/zenodo.15669908}},
    note         = {VAM-6. Section 4.4 — Photon emission modeled as partial reconnection of a rotating knot releasing a ring-shaped swirl pulse.}
}

% [100] SU(2) × U(1) symmetry from knot deformation space
@misc{reference_100,
    author       = {Omar Iskandarani},
    title        = {Knotted Gauge Fields and Chiral Vortex Structures},
    year         = {2025},
    howpublished = {\url{https://doi.org/10.5281/zenodo.15669908}},
    note         = {VAM-6. Section 5.7 — Combined gauge symmetry appears from allowed vortex deformation and twist phase; maps to electroweak symmetry group.}
}

% [101] Color confinement from swirl linking energy
@misc{reference_101,
    author       = {Omar Iskandarani},
    title        = {Knotted Gauge Fields and Chiral Vortex Structures},
    year         = {2025},
    howpublished = {\url{https://doi.org/10.5281/zenodo.15669908}},
    note         = {VAM-6. Section 6.2 — Swirl linking energy scales with length between quark vortices; explains confinement with no free color charges.}
}

% [102] Topological quantum field theory reinterpretation
@misc{reference_102,
    author       = {Omar Iskandarani},
    title        = {Topological \& Fluid-Dynamic Lagrangian in the Vortex Æther Model},
    year         = {2025},
    howpublished = {\url{https://doi.org/10.5281/zenodo.15772858}},
    note         = {VAM-14. Section 6.6 — Lagrangian field theory with topological terms reproduces QFT path integral structure in vortex variables.}
}

% [103] Temporal asymmetry from chirality imbalance
@misc{reference_103,
    author       = {Omar Iskandarani},
    title        = {Beyond Spacetime: A Fluid-Dynamic Theory of Gravity and Time from Vorticity},
    year         = {2025},
    howpublished = {\url{https://doi.org/10.5281/zenodo.15706547}},
    note         = {VAM-13. Section 6.4 — Net chirality across the universe induces directionality of time in vortex æther.}
}

% [104] Dark energy as pressure from cosmic swirl background
@misc{reference_104,
    author       = {Omar Iskandarani},
    title        = {From Quantum Constants to Galactic Swirl},
    year         = {2025},
    howpublished = {\url{https://doi.org/10.5281/zenodo.15772855}},
    note         = {VAM-7. Section 5.3 — Background swirl field exerts uniform pressure gradient: reproduces cosmological acceleration without Λ.}
}

% [105] Vacuum refractive index and redshift
@misc{reference_105,
    author       = {Omar Iskandarani},
    title        = {Swirl-Induced Curvature as the Mechanism of Gravitation},
    year         = {2025},
    howpublished = {\url{https://doi.org/10.5281/zenodo.15669892}},
    note         = {VAM-10. Section V.C — Redshift explained by increased optical path length in swirl-gradient-modified æther refractive index.}
}

% [106] Lagrangian term for helicity self-interaction
@misc{reference_106,
    author       = {Omar Iskandarani},
    title        = {Topological \& Fluid-Dynamic Lagrangian in the Vortex Æther Model},
    year         = {2025},
    howpublished = {\url{https://doi.org/10.5281/zenodo.15772858}},
    note         = {VAM-14. Section 6.2 — Includes $L_H = \alpha H^2$ in action to model vortex self-energy based on total helicity.}
}

% [107] Field quantization via vortex number conservation
@misc{reference_107,
    author       = {Omar Iskandarani},
    title        = {Topological \& Fluid-Dynamic Lagrangian in the Vortex Æther Model},
    year         = {2025},
    howpublished = {\url{https://doi.org/10.5281/zenodo.15772858}},
    note         = {VAM-14. Section 6.3 — Each vortex corresponds to quantized excitation; field theory arises from counting coherent vortex modes.}
}

% [108] Fermion–boson distinction from knot reconnection class
@misc{reference_108,
    author       = {Omar Iskandarani},
    title        = {Knotted Gauge Fields and Chiral Vortex Structures},
    year         = {2025},
    howpublished = {\url{https://doi.org/10.5281/zenodo.15669908}},
    note         = {VAM-6. Section 3.5 — Bosons: reconnection-permissible knots; Fermions: topologically protected knots with 4π rotation symmetry.}
}

% [109] Vortex interaction rules form algebraic field basis
@misc{reference_109,
    author       = {Omar Iskandarani},
    title        = {Topological \& Fluid-Dynamic Lagrangian in the Vortex Æther Model},
    year         = {2025},
    howpublished = {\url{https://doi.org/10.5281/zenodo.15772858}},
    note         = {VAM-14. Section 6.4 — Defines product, braiding, and commutation relations among vortex knot types; leads to effective quantum algebra.}
}

% [110] Knot symmetry group as quantum number generator
@misc{reference_110,
    author       = {Omar Iskandarani},
    title        = {Knotted Gauge Fields and Chiral Vortex Structures},
    year         = {2025},
    howpublished = {\url{https://doi.org/10.5281/zenodo.15669908}},
    note         = {VAM-6. Section 6.3 — Identifies quantum numbers (spin, charge, color) with generators of knot symmetry group under ambient isotopy.}
}

% [111] Standard Model reinterpreted as knot algebra
@misc{reference_111,
    author       = {Omar Iskandarani},
    title        = {Master Equation for Particle Masses},
    year         = {2025},
    howpublished = {\url{https://doi.org/10.5281/zenodo.15706536}},
    note         = {VAM-11. Section 5 — Maps known fermions and bosons to knot types (e.g., trefoils, figure-eights) with linking number and chirality encoding symmetry content.}
}

% [112] Leptons and quarks from torus vs. hyperbolic knots
@misc{reference_112,
    author       = {Omar Iskandarani},
    title        = {Knotted Gauge Fields and Chiral Vortex Structures},
    year         = {2025},
    howpublished = {\url{https://doi.org/10.5281/zenodo.15669908}},
    note         = {VAM-6. Section 5.6 — Proposes leptons as torus knots (T₂,₃), quarks as chiral hyperbolic knots with color represented by twist embedding.}
}

% [113] Higgs mechanism replaced by vortex coherence
@misc{reference_113,
    author       = {Omar Iskandarani},
    title        = {Master Equation for Particle Masses},
    year         = {2025},
    howpublished = {\url{https://doi.org/10.5281/zenodo.15706536}},
    note         = {VAM-11. Section 4.2 — Mass arises not from scalar field, but from knot stability, loop tension, and volume coherence in æther.}
}

% [114] Knot coherence collapse triggers decay
@misc{reference_114,
    author       = {Omar Iskandarani},
    title        = {Fractal Swirl: Nested Structure of the Vortex Æther},
    year         = {2025},
    howpublished = {\url{https://doi.org/10.5281/zenodo.15772860}},
    note         = {VAM-12. Section 4.2 — Decay modeled as breakdown of internal swirl coherence within vortex knot; releases smaller coherent sub-knots.}
}

% [115] Neutrinos as linked vortex loops with no chirality
@misc{reference_115,
    author       = {Omar Iskandarani},
    title        = {Knotted Gauge Fields and Chiral Vortex Structures},
    year         = {2025},
    howpublished = {\url{https://doi.org/10.5281/zenodo.15669908}},
    note         = {VAM-6. Section 5.4 — Neutrinos modeled as Hopf-linked but achiral loop pairs; weakly interacting due to low helicity projection.}
}

% [116] Vortex reconnection energy quantized by knot type
@misc{reference_116,
    author       = {Omar Iskandarani},
    title        = {Topological \& Fluid-Dynamic Lagrangian in the Vortex Æther Model},
    year         = {2025},
    howpublished = {\url{https://doi.org/10.5281/zenodo.15772858}},
    note         = {VAM-14. Section 6.4 — Reconnection energy threshold determined by topological twist and helicity of vortex loop.}
}

% [117] Electromagnetic duality from circulation and tension
@misc{reference_117,
    author       = {Omar Iskandarani},
    title        = {On a Vortex-Based Lagrangian Unification of Gravity and Electromagnetism},
    year         = {2025},
    howpublished = {\url{https://doi.org/10.5281/zenodo.15669904}},
    note         = {VAM-5. Section 4.2 — Electric field $\vec{E}_{\text{\ae}}$ arises from tension gradient, magnetic field $\vec{B}_{\text{\ae}}$ from circulation curl.}
}

% [118] Baryon asymmetry via swirl bias at recombination
@misc{reference_118,
    author       = {Omar Iskandarani},
    title        = {Fractal Swirl: Nested Structure of the Vortex Æther},
    year         = {2025},
    howpublished = {\url{https://doi.org/10.5281/zenodo.15772860}},
    note         = {VAM-12. Section 4.3 — Bias in swirl orientation post-inflation causes net baryon number due to chirality selection.}
}

% [119] Quantum measurement = transition to new swirl attractor
@misc{reference_119,
    author       = {Omar Iskandarani},
    title        = {Beyond Spacetime: A Fluid-Dynamic Theory of Gravity and Time from Vorticity},
    year         = {2025},
    howpublished = {\url{https://doi.org/10.5281/zenodo.15706547}},
    note         = {VAM-13. Section 5.5 — Measurement collapses wave-like knot into new stable attractor basin in æther flow phase space.}
}

% [120] Interference from phase-matching of vortex paths
@misc{reference_120,
    author       = {Omar Iskandarani},
    title        = {Swirl Clocks and Vorticity-Induced Gravity},
    year         = {2025},
    howpublished = {\url{https://doi.org/10.5281/zenodo.15566336}},
    note         = {VAM-2. Section 5.3 — Interference fringes arise from constructive/destructive interference in swirl-phase evolution along alternate æther paths.}
}

% [121] Time operator defined by swirl clock phase
@misc{reference_121,
    author       = {Omar Iskandarani},
    title        = {Swirl Clocks and Vorticity-Induced Gravity},
    year         = {2025},
    howpublished = {\url{https://doi.org/10.5281/zenodo.15566336}},
    note         = {VAM-2. Section 2.3 — Time becomes an observable via the phase of local vortex rotation: $T_v = 2\pi/\Omega$.}
}

% [122] Klein-Gordon from æther compressional mode
@misc{reference_122,
    author       = {Omar Iskandarani},
    title        = {Topological \& Fluid-Dynamic Lagrangian in the Vortex Æther Model},
    year         = {2025},
    howpublished = {\url{https://doi.org/10.5281/zenodo.15772858}},
    note         = {VAM-14. Section 6.3 — Compressional standing wave in density field gives rise to Klein-Gordon-like form for scalar swirl modes.}
}

% [123] Time-energy uncertainty from vortex dwell time
@misc{reference_123,
    author       = {Omar Iskandarani},
    title        = {Time Dilation in a 3D Superfluid Æther Model},
    year         = {2025},
    howpublished = {\url{https://doi.org/10.5281/zenodo.15669795}},
    note         = {VAM-1. Section 4.3 — $\Delta E \, \Delta T \sim \hbar$ from limit in energy exchange during transient swirl knot formation.}
}

% [124] Heisenberg uncertainty from phase-density non-commutation
@misc{reference_124,
    author       = {Omar Iskandarani},
    title        = {Topological \& Fluid-Dynamic Lagrangian in the Vortex Æther Model},
    year         = {2025},
    howpublished = {\url{https://doi.org/10.5281/zenodo.15772858}},
    note         = {VAM-14. Section 6.3 — Canonical conjugates: $\hat{\theta}, \hat{\rho}$ with $[\hat{\theta}, \hat{\rho}] = i\hbar$ yields $\Delta \theta\, \Delta \rho \ge \hbar/2$.}
}

% [125] Quantum collapse as swirl mode dissipation
@misc{reference_125,
    author       = {Omar Iskandarani},
    title        = {Beyond Spacetime: A Fluid-Dynamic Theory of Gravity and Time from Vorticity},
    year         = {2025},
    howpublished = {\url{https://doi.org/10.5281/zenodo.15706547}},
    note         = {VAM-13. Section 5.5 — Measurement collapses swirl coherence to minimal attractor; irreversible due to turbulence.}
}

% [126] Thermodynamic gravity from swirl entropy gradients
@misc{reference_126,
    author       = {Omar Iskandarani},
    title        = {Fractal Swirl: Nested Structure of the Vortex Æther},
    year         = {2025},
    howpublished = {\url{https://doi.org/10.5281/zenodo.15772860}},
    note         = {VAM-12. Section 6.4 — Effective gravity force emerges from entropy gradient in swirl distribution, not spacetime curvature.}
}

% [127] Quantum entanglement = helicity-synchronized vortex pairs
@misc{reference_127,
    author       = {Omar Iskandarani},
    title        = {Swirl Clocks and Vorticity-Induced Gravity},
    year         = {2025},
    howpublished = {\url{https://doi.org/10.5281/zenodo.15566336}},
    note         = {VAM-2. Section 5.4 — Entangled particles share synchronized swirl clocks, preserving helicity correlation under separation.}
}

% [128] Electromagnetic propagation as æther swirl wave
@misc{reference_128,
    author       = {Omar Iskandarani},
    title        = {On a Vortex-Based Lagrangian Unification of Gravity and Electromagnetism},
    year         = {2025},
    howpublished = {\url{https://doi.org/10.5281/zenodo.15669904}},
    note         = {VAM-5. Section 2.5 — Wave equation for transverse swirl modes matches Maxwell equations; speed $c$ from æther tension.}
}

% [129] Swirl field quantization yields Planck constant
@misc{reference_129,
    author       = {Omar Iskandarani},
    title        = {Master Equation for Particle Masses},
    year         = {2025},
    howpublished = {\url{https://doi.org/10.5281/zenodo.15706536}},
    note         = {VAM-11. Section 4.1 — $\hbar$ derived from vortex core angular momentum: $\hbar = M_e r_c C_e$.}
}

% [130] Schrödinger equation derived from vortex swirl energy
@misc{reference_130,
    author       = {Omar Iskandarani},
    title        = {From Quantum Constants to Galactic Swirl},
    year         = {2025},
    howpublished = {\url{https://doi.org/10.5281/zenodo.15772855}},
    note         = {VAM-7. Section 4.1 — Rewrites Schrödinger equation from first principles using quantized swirl energy and circulation phase.}
}

% [131] Bohr radius from stable swirl orbit radius
@misc{reference_131,
    author       = {Omar Iskandarani},
    title        = {From Quantum Constants to Galactic Swirl},
    year         = {2025},
    howpublished = {\url{https://doi.org/10.5281/zenodo.15772855}},
    note         = {VAM-7. Section 4.2 — Bohr radius derived as swirl loop radius with tangential speed $v_\theta = \alpha c$ and angular momentum $n\hbar$.}
}

% [132] Radiative decay as vortex reconnection to lower mode
@misc{reference_132,
    author       = {Omar Iskandarani},
    title        = {Knotted Gauge Fields and Chiral Vortex Structures},
    year         = {2025},
    howpublished = {\url{https://doi.org/10.5281/zenodo.15669908}},
    note         = {VAM-6. Section 4.4 — Describes photon emission as knot reconnection shedding a ring vortex; matches QED decay behavior.}
}

% [133] Mesons as vortex knot–ant knot pairs
@misc{reference_133,
    author       = {Omar Iskandarani},
    title        = {Knotted Gauge Fields and Chiral Vortex Structures},
    year         = {2025},
    howpublished = {\url{https://doi.org/10.5281/zenodo.15669908}},
    note         = {VAM-6. Section 5.6 — Mesons described as bound chiral–antichiral vortex pairs with opposite helicity; allows decay by recombination.}
}

% [134] Baryons as three-knot vortex braids
@misc{reference_134,
    author       = {Omar Iskandarani},
    title        = {Knotted Gauge Fields and Chiral Vortex Structures},
    year         = {2025},
    howpublished = {\url{https://doi.org/10.5281/zenodo.15669908}},
    note         = {VAM-6. Section 5.7 — Proton and neutron modeled as 3-knot braids; strong binding from twist–linking interactions.}
}

% [135] Proton mass as vortex knot with 3-node swirl coherence
@misc{reference_135,
    author       = {Omar Iskandarani},
    title        = {Master Equation for Particle Masses},
    year         = {2025},
    howpublished = {\url{https://doi.org/10.5281/zenodo.15706536}},
    note         = {VAM-11. Page 6 — Proton modeled as triple-braided vortex with total mass from core energy, chirality, and interlinking potential.}
}

% [136] Neutron mass from added reconnection potential
@misc{reference_136,
    author       = {Omar Iskandarani},
    title        = {Master Equation for Particle Masses},
    year         = {2025},
    howpublished = {\url{https://doi.org/10.5281/zenodo.15706536}},
    note         = {VAM-11. Page 6 — Neutron modeled as tightly bound 3-knot with added internal reconnection term; mass exceeds proton by ∼1.3 MeV.}
}

% [137] Inertia modeled as vortex drag in swirl flow
@misc{reference_137,
    author       = {Omar Iskandarani},
    title        = {Benchmarking the Vortex Æther Model vs. General Relativity},
    year         = {2025},
    howpublished = {\url{https://doi.org/10.5281/zenodo.15665433}},
    note         = {VAM-3. Section 4.1 — Inertial mass derived from resistance to vortex acceleration in swirl field background.}
}

% [138] Magnetic moment from loop swirl orientation
@misc{reference_138,
    author       = {Omar Iskandarani},
    title        = {On a Vortex-Based Lagrangian Unification of Gravity and Electromagnetism},
    year         = {2025},
    howpublished = {\url{https://doi.org/10.5281/zenodo.15669904}},
    note         = {VAM-5. Section 3.3 — Magnetic moment arises from circulation of tangential swirl velocity in closed vortex loop.}
}

% [139] EM spectrum as harmonics of ring vortex modes
@misc{reference_139,
    author       = {Omar Iskandarani},
    title        = {From Quantum Constants to Galactic Swirl},
    year         = {2025},
    howpublished = {\url{https://doi.org/10.5281/zenodo.15772855}},
    note         = {VAM-7. Section 6.1 — Each EM frequency band corresponds to distinct standing swirl mode of vortex ring in vacuum æther.}
}

% [140] Planck radiation from vortex mode distribution
@misc{reference_140,
    author       = {Omar Iskandarani},
    title        = {Fractal Swirl: Nested Structure of the Vortex Æther},
    year         = {2025},
    howpublished = {\url{https://doi.org/10.5281/zenodo.15772860}},
    note         = {VAM-12. Section 6.2 — Distribution of swirl mode energies yields blackbody spectrum; cutoff avoids ultraviolet catastrophe.}
}

% [141] Rydberg constant from swirl angular quantization
@misc{reference_141,
    author       = {Omar Iskandarani},
    title        = {From Quantum Constants to Galactic Swirl},
    year         = {2025},
    howpublished = {\url{https://doi.org/10.5281/zenodo.15772855}},
    note         = {VAM-7. Section 4.3 — $R_\infty$ computed from transition between quantized vortex radii using $n=1,2,...$ circular swirl states.}
}

% [142] Hydrogen spectrum from transition in loop radius
@misc{reference_142,
    author       = {Omar Iskandarani},
    title        = {From Quantum Constants to Galactic Swirl},
    year         = {2025},
    howpublished = {\url{https://doi.org/10.5281/zenodo.15772855}},
    note         = {VAM-7. Section 4.3 — Derives $E_n = -13.6\,\text{eV}/n^2$ from energy of loop vortex contraction; agrees with atomic hydrogen.}
}

% [143] Swirl escape cone near black hole analog
@misc{reference_143,
    author       = {Omar Iskandarani},
    title        = {Swirl-Induced Curvature as the Mechanism of Gravitation},
    year         = {2025},
    howpublished = {\url{https://doi.org/10.5281/zenodo.15669892}},
    note         = {VAM-10. Section VI.B — Photon paths near strong swirl fields bend into angular escape cone, forming boundary analog of photon sphere.}
}

% [144] Casimir effect as vortex mode exclusion
@misc{reference_144,
    author       = {Omar Iskandarani},
    title        = {Fractal Swirl: Nested Structure of the Vortex Æther},
    year         = {2025},
    howpublished = {\url{https://doi.org/10.5281/zenodo.15772860}},
    note         = {VAM-12. Section 7 — Finite energy difference from excluded vortex wavelengths between plates; matches Casimir prediction.}
}

% [145] Proton radius from core swirl volume
@misc{reference_145,
    author       = {Omar Iskandarani},
    title        = {Master Equation for Particle Masses},
    year         = {2025},
    howpublished = {\url{https://doi.org/10.5281/zenodo.15706536}},
    note         = {VAM-11. Section 4.1 — Calculates proton core volume and matches charge radius from measured swirl density distribution.}
}

% [146] Spin torque from swirl field precession
@misc{reference_146,
    author       = {Omar Iskandarani},
    title        = {Swirl Clocks and Vorticity-Induced Gravity},
    year         = {2025},
    howpublished = {\url{https://doi.org/10.5281/zenodo.15566336}},
    note         = {VAM-2. Section 5.5 — Spin vector undergoes precession under swirl field gradient; analog of magnetic torque.}
}

% [147] Gravitational redshift from swirl potential
@misc{reference_147,
    author       = {Omar Iskandarani},
    title        = {Swirl-Induced Curvature as the Mechanism of Gravitation},
    year         = {2025},
    howpublished = {\url{https://doi.org/10.5281/zenodo.15669892}},
    note         = {VAM-10. Section IV.C — Light loses energy climbing swirl pressure gradient; matches gravitational redshift.}
}

% [148] Proton structure from swirl energy layers
@misc{reference_148,
    author       = {Omar Iskandarani},
    title        = {Master Equation for Particle Masses},
    year         = {2025},
    howpublished = {\url{https://doi.org/10.5281/zenodo.15706536}},
    note         = {VAM-11. Section 4.2 — Proton modeled with central core and layered swirl shell; total energy reproduces mass accurately.}
}

% [149] Reinterpretation of strong nuclear force from twist energy
@misc{reference_149,
    author       = {Omar Iskandarani},
    title        = {Knotted Gauge Fields and Chiral Vortex Structures},
    year         = {2025},
    howpublished = {\url{https://doi.org/10.5281/zenodo.15669908}},
    note         = {VAM-6. Section 6.3 — Strong interaction arises from twist-tension and linking energy between 3-braid proton knot subcomponents.}
}

% [150] Fusion via knot recombination
@misc{reference_150,
    author       = {Omar Iskandarani},
    title        = {Fractal Swirl: Nested Structure of the Vortex Æther},
    year         = {2025},
    howpublished = {\url{https://doi.org/10.5281/zenodo.15772860}},
    note         = {VAM-12. Section 6.5 — Fusion modeled as vortex reconnection of nucleon knots, reducing total tension energy.}
}

% [151] Swirl binding potential for nuclear forces
@misc{reference_151,
    author       = {Omar Iskandarani},
    title        = {Benchmarking the Vortex Æther Model vs. General Relativity},
    year         = {2025},
    howpublished = {\url{https://doi.org/10.5281/zenodo.15665433}},
    note         = {VAM-3. Section 4.3 — Nuclear binding energy from swirl overlap region and circulation reinforcement.}
}

% [152] Deuteron as dual-knot stable link
@misc{reference_152,
    author       = {Omar Iskandarani},
    title        = {Knotted Gauge Fields and Chiral Vortex Structures},
    year         = {2025},
    howpublished = {\url{https://doi.org/10.5281/zenodo.15669908}},
    note         = {VAM-6. Section 6.2 — Deuteron modeled as trefoil-pair with coherent phase-locking of swirl fields.}
}

% [153] Quantum vacuum energy cutoff from swirl coherence length
@misc{reference_153,
    author       = {Omar Iskandarani},
    title        = {Fractal Swirl: Nested Structure of the Vortex Æther},
    year         = {2025},
    howpublished = {\url{https://doi.org/10.5281/zenodo.15772860}},
    note         = {VAM-12. Section 7.1 — Zero-point energy density regulated by smallest stable swirl loop length ∼ Planck scale.}
}

% [154] VAM gravitational force law derived from swirl density
@misc{reference_154,
    author       = {Omar Iskandarani},
    title        = {Benchmarking the Vortex Æther Model vs. General Relativity},
    year         = {2025},
    howpublished = {\url{https://doi.org/10.5281/zenodo.15665433}},
    note         = {VAM-3. Section 3.2 — Newton's law $F = G M m / r^2$ emerges from vorticity-decay profile: $\omega \propto 1/r$.}
}

% [155] Planck time from swirl collapse time
@misc{reference_155,
    author       = {Omar Iskandarani},
    title        = {Time Dilation in a 3D Superfluid Æther Model},
    year         = {2025},
    howpublished = {\url{https://doi.org/10.5281/zenodo.15669795}},
    note         = {VAM-1. Section 4.1 — Defines Planck time as minimal loop swirl time: $t_p = r_c / C_e$.}
}

% [156] Planck energy as maximum vortex tension energy
@misc{reference_156,
    author       = {Omar Iskandarani},
    title        = {From Quantum Constants to Galactic Swirl},
    year         = {2025},
    howpublished = {\url{https://doi.org/10.5281/zenodo.15772855}},
    note         = {VAM-7. Section 6.4 — Energy of core swirl loop with radius $r_p$ and velocity $C_e$ yields $E_p = \frac{1}{2} \rho_{\text{\ae}} C_e^2 V_p$.}
}

% [157] Coulomb barrier from swirl pressure repulsion
@misc{reference_157,
    author       = {Omar Iskandarani},
    title        = {On a Vortex-Based Lagrangian Unification of Gravity and Electromagnetism},
    year         = {2025},
    howpublished = {\url{https://doi.org/10.5281/zenodo.15669904}},
    note         = {VAM-5. Section 3.4 — Electrostatic repulsion arises from swirl tension pressure in adjacent charge-carrying vortices.}
}

% [158] Compton wavelength from swirl phase periodicity
@misc{reference_158,
    author       = {Omar Iskandarani},
    title        = {From Quantum Constants to Galactic Swirl},
    year         = {2025},
    howpublished = {\url{https://doi.org/10.5281/zenodo.15772855}},
    note         = {VAM-7. Section 4.1 — Compton wavelength emerges from periodicity in quantized swirl phase propagation.}
}

% [159] Classical electron radius from vortex core energy match
@misc{reference_159,
    author       = {Omar Iskandarani},
    title        = {Master Equation for Particle Masses},
    year         = {2025},
    howpublished = {\url{https://doi.org/10.5281/zenodo.15706536}},
    note         = {VAM-11. Section 4.1 — $r_e$ derived from matching vortex energy with electron rest mass energy: $E = \frac{1}{2} \rho_{\text{\ae}} C_e^2 V$.}
}

% [160] Strong interaction modeled via triple-twist tension
@misc{reference_160,
    author       = {Omar Iskandarani},
    title        = {Knotted Gauge Fields and Chiral Vortex Structures},
    year         = {2025},
    howpublished = {\url{https://doi.org/10.5281/zenodo.15669908}},
    note         = {VAM-6. Section 6.2 — Strong nuclear potential comes from triple-twist braid configuration resisting untwisting.}
}

% [161] Photon masslessness from null circulation net
@misc{reference_161,
    author       = {Omar Iskandarani},
    title        = {Knotted Gauge Fields and Chiral Vortex Structures},
    year         = {2025},
    howpublished = {\url{https://doi.org/10.5281/zenodo.15669908}},
    note         = {VAM-6. Section 2.1 — Ring vortex (photon) has balanced inward/outward swirl; net circulation zero → zero mass.}
}

% [162] Photon angular momentum from swirl twist
@misc{reference_162,
    author       = {Omar Iskandarani},
    title        = {Knotted Gauge Fields and Chiral Vortex Structures},
    year         = {2025},
    howpublished = {\url{https://doi.org/10.5281/zenodo.15669908}},
    note         = {VAM-6. Section 2.3 — Circular polarization = photon with net swirl twist → spin-1 interpretation.}
}

% [163] Electron–positron pair as mirror knot creation
@misc{reference_163,
    author       = {Omar Iskandarani},
    title        = {Knotted Gauge Fields and Chiral Vortex Structures},
    year         = {2025},
    howpublished = {\url{https://doi.org/10.5281/zenodo.15669908}},
    note         = {VAM-6. Section 4.1 — Pair creation modeled as generation of left- and right-handed vortex knots from vacuum.}
}

% [164] Swirl coherence length determines quantum coherence
@misc{reference_164,
    author       = {Omar Iskandarani},
    title        = {Fractal Swirl: Nested Structure of the Vortex Æther},
    year         = {2025},
    howpublished = {\url{https://doi.org/10.5281/zenodo.15772860}},
    note         = {VAM-12. Section 4.4 — Length scale over which swirl phase remains coherent determines quantum interference reach.}
}

% [165] Swirl refractive index increases near gravitating mass
@misc{reference_165,
    author       = {Omar Iskandarani},
    title        = {Swirl-Induced Curvature as the Mechanism of Gravitation},
    year         = {2025},
    howpublished = {\url{https://doi.org/10.5281/zenodo.15669892}},
    note         = {VAM-10. Section V — Near-massive vortex, swirl gradient increases refractive index, slowing EM wavefront.}
}

% [166] Time delay in gravitational wells from swirl field
@misc{reference_166,
    author       = {Omar Iskandarani},
    title        = {Swirl Clocks and Vorticity-Induced Gravity},
    year         = {2025},
    howpublished = {\url{https://doi.org/10.5281/zenodo.15566336}},
    note         = {VAM-2. Section 4.3 — Gravitational time delay caused by slowed swirl clock in high-vorticity region.}
}

% [167] VAM analog of Schwarzschild radius from swirl limit
@misc{reference_167,
    author       = {Omar Iskandarani},
    title        = {Swirl-Induced Curvature as the Mechanism of Gravitation},
    year         = {2025},
    howpublished = {\url{https://doi.org/10.5281/zenodo.15669892}},
    note         = {VAM-10. Section VI.A — Critical radius where tangential swirl speed reaches $c$ matches $R_s = 2GM/c^2$.}
}

% [168] Holographic-like information density from swirl layer packing
@misc{reference_168,
    author       = {Omar Iskandarani},
    title        = {Beyond Spacetime: A Fluid-Dynamic Theory of Gravity and Time from Vorticity},
    year         = {2025},
    howpublished = {\url{https://doi.org/10.5281/zenodo.15706547}},
    note         = {VAM-13. Section 7.1 — Surface swirl density scales as information encoding limit; parallels holographic bound.}
}

% [169] Entropy of swirl state matches black hole entropy
@misc{reference_169,
    author       = {Omar Iskandarani},
    title        = {Beyond Spacetime: A Fluid-Dynamic Theory of Gravity and Time from Vorticity},
    year         = {2025},
    howpublished = {\url{https://doi.org/10.5281/zenodo.15706547}},
    note         = {VAM-13. Section 7.2 — Computes swirl entropy $S = A/4$ for maximal-vorticity region; agrees with Bekenstein–Hawking entropy.}
}

% [170] Swirl memory effects and time nonlocality
@misc{reference_170,
    author       = {Omar Iskandarani},
    title        = {Swirl Clocks and Vorticity-Induced Gravity},
    year         = {2025},
    howpublished = {\url{https://doi.org/10.5281/zenodo.15566336}},
    note         = {VAM-2. Section 6.3 — Memory effects modeled by delayed swirl realignment; nonlocal influence on proper time evolution.}
}

% [171] Layered time model mapped to quantum field layers
@misc{reference_171,
    author       = {Omar Iskandarani},
    title        = {Beyond Spacetime: A Fluid-Dynamic Theory of Gravity and Time from Vorticity},
    year         = {2025},
    howpublished = {\url{https://doi.org/10.5281/zenodo.15706547}},
    note         = {VAM-13. Section 5.3 — Each QFT excitation level mapped to nested swirl clocks: Aithēr-Time $N$, Chronos-time $\tau$, and Swirl-time $T_v$.}
}

% [172] Magnetic field decay via swirl reconnection
@misc{reference_172,
    author       = {Omar Iskandarani},
    title        = {On a Vortex-Based Lagrangian Unification of Gravity and Electromagnetism},
    year         = {2025},
    howpublished = {\url{https://doi.org/10.5281/zenodo.15669904}},
    note         = {VAM-5. Section 4.3 — Long-lived magnetic fields dissipate via slow reconnection of swirling æther regions.}
}

% [173] Time dilation for charged vortex rings
@misc{reference_173,
    author       = {Omar Iskandarani},
    title        = {Time Dilation in a 3D Superfluid Æther Model},
    year         = {2025},
    howpublished = {\url{https://doi.org/10.5281/zenodo.15669795}},
    note         = {VAM-1. Section 4.2 — Time flow in rotating vortex ring model (e.g., electron) slows due to internal angular velocity.}
}

% [174] Galaxy rotation curves from residual swirl tail
@misc{reference_174,
    author       = {Omar Iskandarani},
    title        = {From Quantum Constants to Galactic Swirl},
    year         = {2025},
    howpublished = {\url{https://doi.org/10.5281/zenodo.15772855}},
    note         = {VAM-7. Section 5 — Swirl tail $\omega(r) \approx \omega_{\rm bg}$ at large $r$ flattens velocity curves without invoking dark matter.}
}

% [175] Spiral arm formation from angular swirl shear
@misc{reference_175,
    author       = {Omar Iskandarani},
    title        = {Milky Way as a Chiral Swirl-Knot Network},
    year         = {2025},
    howpublished = {\url{https://doi.org/10.5281/zenodo.15772861}},
    note         = {VAM-9. Section 3.2 — Spiral structure traced to shearing of nested swirl field layers across galactic disc.}
}

% [176] Symmetry breaking from chirality bias in early swirl state
@misc{reference_176,
    author       = {Omar Iskandarani},
    title        = {Beyond Spacetime: A Fluid-Dynamic Theory of Gravity and Time from Vorticity},
    year         = {2025},
    howpublished = {\url{https://doi.org/10.5281/zenodo.15706547}},
    note         = {VAM-13. Section 6.4 — Net chirality in early vortex soup selects a preferred direction → spontaneous symmetry breaking.}
}

% [177] Gravitational radiation = swirl density wave
@misc{reference_177,
    author       = {Omar Iskandarani},
    title        = {Swirl-Induced Curvature as the Mechanism of Gravitation},
    year         = {2025},
    howpublished = {\url{https://doi.org/10.5281/zenodo.15669892}},
    note         = {VAM-10. Section V.E — Time-varying swirl density (due to binary rotation) radiates pressure waves through æther = gravitational radiation analog.}
}

% [178] Frame dragging field from rotating knot structure
@misc{reference_178,
    author       = {Omar Iskandarani},
    title        = {Swirl Clocks and Vorticity-Induced Gravity},
    year         = {2025},
    howpublished = {\url{https://doi.org/10.5281/zenodo.15566336}},
    note         = {VAM-2. Section 4.4 — Rotating knotted mass generates swirl velocity field dragging nearby clocks. Matches Kerr dragging term.}
}

% [179] Radiation emission quantized by swirl resonance modes
@misc{reference_179,
    author       = {Omar Iskandarani},
    title        = {Knotted Gauge Fields and Chiral Vortex Structures},
    year         = {2025},
    howpublished = {\url{https://doi.org/10.5281/zenodo.15669908}},
    note         = {VAM-6. Section 4.4 — Emission spectrum from vortex depends on allowed harmonic resonances in swirl field structure.}
}

% [180] Strong binding energy from mutual helicity reinforcement
@misc{reference_180,
    author       = {Omar Iskandarani},
    title        = {Knotted Gauge Fields and Chiral Vortex Structures},
    year         = {2025},
    howpublished = {\url{https://doi.org/10.5281/zenodo.15669908}},
    note         = {VAM-6. Section 6.3 — Binding of hadrons modeled as mutual helicity field reinforcement in knotted vortex bundle.}
}

% [181] EM field quantization via discrete swirl harmonic occupation
@misc{reference_181,
    author       = {Omar Iskandarani},
    title        = {Topological \& Fluid-Dynamic Lagrangian in the Vortex Æther Model},
    year         = {2025},
    howpublished = {\url{https://doi.org/10.5281/zenodo.15772858}},
    note         = {VAM-14. Section 6.3 — Quantized energy levels arise from discrete harmonic modes in swirl phase field.}
}

% [182] Wavefunction = swirl phase amplitude on vortex loop
@misc{reference_182,
    author       = {Omar Iskandarani},
    title        = {Topological \& Fluid-Dynamic Lagrangian in the Vortex Æther Model},
    year         = {2025},
    howpublished = {\url{https://doi.org/10.5281/zenodo.15772858}},
    note         = {VAM-14. Section 4.2 — Reinterprets $\psi$ as amplitude of swirl phase field $\theta(x,t)$ around looped path.}
}

% [183] Energy eigenstates = stationary swirl circulation modes
@misc{reference_183,
    author       = {Omar Iskandarani},
    title        = {Topological \& Fluid-Dynamic Lagrangian in the Vortex Æther Model},
    year         = {2025},
    howpublished = {\url{https://doi.org/10.5281/zenodo.15772858}},
    note         = {VAM-14. Section 4.3 — Eigenvalues correspond to time-independent swirl circulations in stable vortex solutions.}
}

% [184] Interference collapse from swirl decoherence
@misc{reference_184,
    author       = {Omar Iskandarani},
    title        = {Swirl Clocks and Vorticity-Induced Gravity},
    year         = {2025},
    howpublished = {\url{https://doi.org/10.5281/zenodo.15566336}},
    note         = {VAM-2. Section 6.1 — Decoherence arises when background swirl fields introduce phase uncertainty into multi-knot system.}
}

% [185] Knot-based wavefunction normalization from swirl conservation
@misc{reference_185,
    author       = {Omar Iskandarani},
    title        = {Topological \& Fluid-Dynamic Lagrangian in the Vortex Æther Model},
    year         = {2025},
    howpublished = {\url{https://doi.org/10.5281/zenodo.15772858}},
    note         = {VAM-14. Section 4.1 — Normalization condition derived from conservation of total swirl flux around vortex region.}
}

% [186] Electromagnetic induction from swirl field gradient
@misc{reference_186,
    author       = {Omar Iskandarani},
    title        = {On a Vortex-Based Lagrangian Unification of Gravity and Electromagnetism},
    year         = {2025},
    howpublished = {\url{https://doi.org/10.5281/zenodo.15669904}},
    note         = {VAM-5. Section 3.5 — Induced EMF generated from time-varying swirl field around conductor loop; matches Faraday’s law.}
}

% [187] Magnetic flux quantization from circulation integral
@misc{reference_187,
    author       = {Omar Iskandarani},
    title        = {On a Vortex-Based Lagrangian Unification of Gravity and Electromagnetism},
    year         = {2025},
    howpublished = {\url{https://doi.org/10.5281/zenodo.15669904}},
    note         = {VAM-5. Section 4.4 — Magnetic flux $\Phi = n\Phi_0$ results from circulation of swirl phase; integer winding condition.}
}

% [188] VAM analog of gravitoelectromagnetism
@misc{reference_188,
    author       = {Omar Iskandarani},
    title        = {Swirl Clocks and Vorticity-Induced Gravity},
    year         = {2025},
    howpublished = {\url{https://doi.org/10.5281/zenodo.15566336}},
    note         = {VAM-2. Section 4.4 — Gravitomagnetic terms arise from moving mass-vortex configurations; defines gravitoelectric and gravitomagnetic swirl fields.}
}

% [189] Magnetic dipole from swirl vector curl
@misc{reference_189,
    author       = {Omar Iskandarani},
    title        = {On a Vortex-Based Lagrangian Unification of Gravity and Electromagnetism},
    year         = {2025},
    howpublished = {\url{https://doi.org/10.5281/zenodo.15669904}},
    note         = {VAM-5. Section 3.3 — Magnetic dipole moment arises from looped swirl field vector curl with respect to knot axis.}
}

% [190] Electric field as swirl acceleration vector
@misc{reference_190,
    author       = {Omar Iskandarani},
    title        = {On a Vortex-Based Lagrangian Unification of Gravity and Electromagnetism},
    year         = {2025},
    howpublished = {\url{https://doi.org/10.5281/zenodo.15669904}},
    note         = {VAM-5. Section 3.2 — Electric field defined as gradient of swirl tension; $\vec{E}_{\text{\ae}} = -\nabla \Phi_{\rm swirl}$.}
}

% [191] Coulomb law from tangential swirl energy falloff
@misc{reference_191,
    author       = {Omar Iskandarani},
    title        = {Benchmarking the Vortex Æther Model vs. General Relativity},
    year         = {2025},
    howpublished = {\url{https://doi.org/10.5281/zenodo.15665433}},
    note         = {VAM-3. Section 3.3 — Swirl energy density $\propto 1/r^2$ yields force law $F \propto 1/r^2$ like electrostatics.}
}

% [192] Magnetic field as curl of swirl velocity
@misc{reference_192,
    author       = {Omar Iskandarani},
    title        = {On a Vortex-Based Lagrangian Unification of Gravity and Electromagnetism},
    year         = {2025},
    howpublished = {\url{https://doi.org/10.5281/zenodo.15669904}},
    note         = {VAM-5. Section 3.2 — $\vec{B}_{\text{\ae}} = \nabla \times \vec{v}$; magnetic field emerges directly from vortex-induced circulation.}
}

% [193] Æther conductivity yields electromagnetic damping
@misc{reference_193,
    author       = {Omar Iskandarani},
    title        = {On a Vortex-Based Lagrangian Unification of Gravity and Electromagnetism},
    year         = {2025},
    howpublished = {\url{https://doi.org/10.5281/zenodo.15669904}},
    note         = {VAM-5. Section 5.1 — Includes dissipative term in vortex equation; swirl field damping linked to æther conductivity.}
}

% [194] Photon's spin-1 state from topological linking
@misc{reference_194,
    author       = {Omar Iskandarani},
    title        = {Knotted Gauge Fields and Chiral Vortex Structures},
    year         = {2025},
    howpublished = {\url{https://doi.org/10.5281/zenodo.15669908}},
    note         = {VAM-6. Section 2.2 — Spin-1 interpreted as linking number between swirl flow surfaces in EM ring.}
}

% [195] Zero-point energy from background swirl vacuum
@misc{reference_195,
    author       = {Omar Iskandarani},
    title        = {Fractal Swirl: Nested Structure of the Vortex Æther},
    year         = {2025},
    howpublished = {\url{https://doi.org/10.5281/zenodo.15772860}},
    note         = {VAM-12. Section 7.2 — Quantum vacuum fluctuations arise from stochastic æther swirl background.}
}

% [196] Quantum decay rate from knot instability spectrum
@misc{reference_196,
    author       = {Omar Iskandarani},
    title        = {Master Equation for Particle Masses},
    year         = {2025},
    howpublished = {\url{https://doi.org/10.5281/zenodo.15706536}},
    note         = {VAM-11. Section 4.2 — Decay probability linked to energy gap between knot states and reconnection barriers.}
}

% [197] Thermoelectric effects from swirl potential gradient
@misc{reference_197,
    author       = {Omar Iskandarani},
    title        = {Fractal Swirl: Nested Structure of the Vortex Æther},
    year         = {2025},
    howpublished = {\url{https://doi.org/10.5281/zenodo.15772860}},
    note         = {VAM-12. Section 6.3 — Thermal gradients shift swirl tension field; yields thermoelectric voltage from fluid motion.}
}

% [198] Planck cutoff as minimal reconnection length
@misc{reference_198,
    author       = {Omar Iskandarani},
    title        = {Fractal Swirl: Nested Structure of the Vortex Æther},
    year         = {2025},
    howpublished = {\url{https://doi.org/10.5281/zenodo.15772860}},
    note         = {VAM-12. Section 6.4 — Swirl coherence breakdown below $L_p$ defines effective ultraviolet cutoff in physical field theory.}
}

% [199] Knot-topological invariants constrain QED-like behavior
@misc{reference_199,
    author       = {Omar Iskandarani},
    title        = {Knotted Gauge Fields and Chiral Vortex Structures},
    year         = {2025},
    howpublished = {\url{https://doi.org/10.5281/zenodo.15669908}},
    note         = {VAM-6. Section 6.4 — Topological identities of vortex knots set limits on allowed scattering and coupling pathways.}
}

% [200] Knotted vortex structure replaces gauge field
@misc{reference_200,
    author       = {Omar Iskandarani},
    title        = {Topological \& Fluid-Dynamic Lagrangian in the Vortex Æther Model},
    year         = {2025},
    howpublished = {\url{https://doi.org/10.5281/zenodo.15772858}},
    note         = {VAM-14. Section 5.4 — Swirl vector field replaces abstract gauge field: all curvature encoded by vortex topology.}
}

% [201] Fine-structure constant from nested swirl ratio
@misc{reference_201,
    author       = {Omar Iskandarani},
    title        = {From Quantum Constants to Galactic Swirl},
    year         = {2025},
    howpublished = {\url{https://doi.org/10.5281/zenodo.15772855}},
    note         = {VAM-7. Appendix A — $\alpha$ derived geometrically from nested vortex scaling via golden ratio.}
}

% [202] Golden ratio in mass spectrum
@misc{reference_202,
    author       = {Omar Iskandarani},
    title        = {Master Equation for Particle Masses},
    year         = {2025},
    howpublished = {\url{https://doi.org/10.5281/zenodo.15706536}},
    note         = {VAM-11. Section 3.3 — Fibonacci spacing in knot twist parameters maps to $\varphi$ scaling in particle masses.}
}

% [203] Quark confinement from vortex link energy barrier
@misc{reference_203,
    author       = {Omar Iskandarani},
    title        = {Knotted Gauge Fields and Chiral Vortex Structures},
    year         = {2025},
    howpublished = {\url{https://doi.org/10.5281/zenodo.15669908}},
    note         = {VAM-6. Section 6.2 — Energy cost of unlinking quark braid vortices explains absence of free quarks.}
}

% [204] EM duality rotated in swirl phase space
@misc{reference_204,
    author       = {Omar Iskandarani},
    title        = {On a Vortex-Based Lagrangian Unification of Gravity and Electromagnetism},
    year         = {2025},
    howpublished = {\url{https://doi.org/10.5281/zenodo.15669904}},
    note         = {VAM-5. Section 4.2 — Duality transformation is swirl-phase rotation; relates $\vec{E}_{\text{\ae}} \leftrightarrow \vec{B}_{\text{\ae}}$.}
}

% [205] Spontaneous emission via topological destabilization
@misc{reference_205,
    author       = {Omar Iskandarani},
    title        = {Knotted Gauge Fields and Chiral Vortex Structures},
    year         = {2025},
    howpublished = {\url{https://doi.org/10.5281/zenodo.15669908}},
    note         = {VAM-6. Section 4.4 — Metastable swirl knot may destabilize and emit EM ring vortex without external field.}
}

% [206] Gravitational potential from integrated swirl field
@misc{reference_206,
    author       = {Omar Iskandarani},
    title        = {Swirl-Induced Curvature as the Mechanism of Gravitation},
    year         = {2025},
    howpublished = {\url{https://doi.org/10.5281/zenodo.15669892}},
    note         = {VAM-10. Section IV.A — $g = -\nabla \Phi_{\rm swirl}$, where $\Phi$ derived from vortex core energy distribution.}
}

% [207] æther pressure from swirl energy density
@misc{reference_207,
    author       = {Omar Iskandarani},
    title        = {Fractal Swirl: Nested Structure of the Vortex Æther},
    year         = {2025},
    howpublished = {\url{https://doi.org/10.5281/zenodo.15772860}},
    note         = {VAM-12. Section 3.2 — Pressure $P = \frac{1}{2} \rho_{\text{\ae}} \omega^2 R^2$ in vortex loop; determines structure stability.}
}

% [208] Standard Model symmetry embedding from vortex hierarchy
@misc{reference_208,
    author       = {Omar Iskandarani},
    title        = {Knotted Gauge Fields and Chiral Vortex Structures},
    year         = {2025},
    howpublished = {\url{https://doi.org/10.5281/zenodo.15669908}},
    note         = {VAM-6. Section 5.6 — Vortex linking and twist algebra mapped onto $SU(3) \times SU(2) \times U(1)$ subgroup structure.}
}

% [209] Chirality-based vacuum selection
@misc{reference_209,
    author       = {Omar Iskandarani},
    title        = {Beyond Spacetime: A Fluid-Dynamic Theory of Gravity and Time from Vorticity},
    year         = {2025},
    howpublished = {\url{https://doi.org/10.5281/zenodo.15706547}},
    note         = {VAM-13. Section 6.4 — Vortex chirality bias determines vacuum state orientation across cosmic æther field.}
}

% [210] Fermion generations from knot complexity
@misc{reference_210,
    author       = {Omar Iskandarani},
    title        = {Master Equation for Particle Masses},
    year         = {2025},
    howpublished = {\url{https://doi.org/10.5281/zenodo.15706536}},
    note         = {VAM-11. Section 4.2 — Higher generation leptons/quarks modeled by knots with increased twist and linking complexity.}
}

% [211] Hierarchical mass scale from nested swirl quantization
@misc{reference_211,
    author       = {Omar Iskandarani},
    title        = {From Quantum Constants to Galactic Swirl},
    year         = {2025},
    howpublished = {\url{https://doi.org/10.5281/zenodo.15772855}},
    note         = {VAM-7. Section 6.2 — Mass hierarchy emerges from swirl shell quantization: $E_n \propto n^2 \alpha^{-1} \varphi^{-1}$.}
}

% [212] Spinor behavior from knot rotation group
@misc{reference_212,
    author       = {Omar Iskandarani},
    title        = {Knotted Gauge Fields and Chiral Vortex Structures},
    year         = {2025},
    howpublished = {\url{https://doi.org/10.5281/zenodo.15669908}},
    note         = {VAM-6. Section 3.3 — Trefoil knot returns to itself under 4π rotation, yielding spin-$\frac{1}{2}$ statistics naturally.}
}

% [213] EM duality and spin–charge complementarity
@misc{reference_213,
    author       = {Omar Iskandarani},
    title        = {On a Vortex-Based Lagrangian Unification of Gravity and Electromagnetism},
    year         = {2025},
    howpublished = {\url{https://doi.org/10.5281/zenodo.15669904}},
    note         = {VAM-5. Section 4.2 — Electric and magnetic fields emerge from tension vs. circulation: links spin orientation to net charge polarity.}
}

% [214] Hadrons as higher-order vortex composites
@misc{reference_214,
    author       = {Omar Iskandarani},
    title        = {Knotted Gauge Fields and Chiral Vortex Structures},
    year         = {2025},
    howpublished = {\url{https://doi.org/10.5281/zenodo.15669908}},
    note         = {VAM-6. Section 5.7 — Mesons and baryons described as composite topological vortex structures: 2-knot or 3-knot bound systems.}
}

% [215] Weak force from topological decay transition
@misc{reference_215,
    author       = {Omar Iskandarani},
    title        = {Master Equation for Particle Masses},
    year         = {2025},
    howpublished = {\url{https://doi.org/10.5281/zenodo.15706536}},
    note         = {VAM-11. Section 4.4 — Weak interaction modeled as knot collapse via reconnection transition; no intermediate boson needed.}
}

% [216] Vortex-based reinterpretation of Fermi constant
@misc{reference_216,
    author       = {Omar Iskandarani},
    title        = {Master Equation for Particle Masses},
    year         = {2025},
    howpublished = {\url{https://doi.org/10.5281/zenodo.15706536}},
    note         = {VAM-11. Section 4.5 — Fermi coupling $G_F$ expressed via vortex overlap energy and loop reconnection geometry.}
}

% [217] Flavor oscillation from swirl coherence beat frequency
@misc{reference_217,
    author       = {Omar Iskandarani},
    title        = {Fractal Swirl: Nested Structure of the Vortex Æther},
    year         = {2025},
    howpublished = {\url{https://doi.org/10.5281/zenodo.15772860}},
    note         = {VAM-12. Section 4.4 — Neutrino oscillations arise from superposition of distinct swirl frequencies in topologically stable linked loops.}
}

% [218] Standard Model gauge unification from nested vortex fields
@misc{reference_218,
    author       = {Omar Iskandarani},
    title        = {Topological \& Fluid-Dynamic Lagrangian in the Vortex Æther Model},
    year         = {2025},
    howpublished = {\url{https://doi.org/10.5281/zenodo.15772858}},
    note         = {VAM-14. Section 6.6 — Unified Lagrangian embeds electroweak and color fields into hierarchical knot-swirl topology.}
}

% [219] Swirl-based Lagrangian replaces spacetime curvature terms
@misc{reference_219,
    author       = {Omar Iskandarani},
    title        = {Benchmarking the Vortex Æther Model vs. General Relativity},
    year         = {2025},
    howpublished = {\url{https://doi.org/10.5281/zenodo.15665433}},
    note         = {VAM-3. Section 2.2 — All curvature tensors replaced by Bernoulli pressure, swirl density, and vorticity integrals.}
}

% [220] Temporal entanglement as swirl phase synchronization
@misc{reference_220,
    author       = {Omar Iskandarani},
    title        = {Swirl Clocks and Vorticity-Induced Gravity},
    year         = {2025},
    howpublished = {\url{https://doi.org/10.5281/zenodo.15566336}},
    note         = {VAM-2. Section 5.4 — Nonlocal entanglement arises from synchronous swirl clock alignment of spatially separated vortices.}
}

% [221] Dirac equation reconstructed from vortex flow field
@misc{reference_221,
    author       = {Omar Iskandarani},
    title        = {Topological \& Fluid-Dynamic Lagrangian in the Vortex Æther Model},
    year         = {2025},
    howpublished = {\url{https://doi.org/10.5281/zenodo.15772858}},
    note         = {VAM-14. Section 6.3 — Dirac spinors correspond to chiral vortex states with internal angular momentum; Pauli matrices encode twist.}
}

% [222] Spin-statistics correlation from 4π knot return symmetry
@misc{reference_222,
    author       = {Omar Iskandarani},
    title        = {Knotted Gauge Fields and Chiral Vortex Structures},
    year         = {2025},
    howpublished = {\url{https://doi.org/10.5281/zenodo.15669908}},
    note         = {VAM-6. Section 3.3 — Knotted states that require 4π rotation yield fermionic behavior; bosons return under 2π.}
}

% [223] Topological suppression of helicity interference
@misc{reference_223,
    author       = {Omar Iskandarani},
    title        = {Master Equation for Particle Masses},
    year         = {2025},
    howpublished = {\url{https://doi.org/10.5281/zenodo.15706536}},
    note         = {VAM-11. Section 4.6 — Energy terms include suppression factor $\xi(n) = 1 - \beta \log n$ from vortex packing and interference.}
}

% [224] Mass quantization via vortex helicity and swirl volume
@misc{reference_224,
    author       = {Omar Iskandarani},
    title        = {Master Equation for Particle Masses},
    year         = {2025},
    howpublished = {\url{https://doi.org/10.5281/zenodo.15706536}},
    note         = {VAM-11. Eq. (4) — $M = \frac{1}{\varphi} \cdot \frac{4}{\alpha} \cdot \left( \frac{1}{2} \rho_{\text{\ae}} C_e^2 V \right)$.}
}

% [225] VAM predicts exponential swirl decay in galaxy outskirts
@misc{reference_225,
    author       = {Omar Iskandarani},
    title        = {From Quantum Constants to Galactic Swirl},
    year         = {2025},
    howpublished = {\url{https://doi.org/10.5281/zenodo.15772855}},
    note         = {VAM-7. Section 5 — Residual swirl field decays exponentially beyond swirl-core; modifies Newtonian predictions.}
}

% [226] Galaxy–particle analogy via topological scale invariance
@misc{reference_226,
    author       = {Omar Iskandarani},
    title        = {Fractal Swirl: Nested Structure of the Vortex Æther},
    year         = {2025},
    howpublished = {\url{https://doi.org/10.5281/zenodo.15772860}},
    note         = {VAM-12. Section 5.5 — Vortex patterns on galactic and subatomic scale follow same topological swirl principles.}
}

% [227] Topological field theory replaces spacetime metric
@misc{reference_227,
    author       = {Omar Iskandarani},
    title        = {Topological \& Fluid-Dynamic Lagrangian in the Vortex Æther Model},
    year         = {2025},
    howpublished = {\url{https://doi.org/10.5281/zenodo.15772858}},
    note         = {VAM-14. Section 5.5 — Spacetime curvature no longer needed; topological terms in vortex field encode dynamics.}
}

% [228] VAM replaces Hilbert space with phase-winding network
@misc{reference_228,
    author       = {Omar Iskandarani},
    title        = {Swirl Clocks and Vorticity-Induced Gravity},
    year         = {2025},
    howpublished = {\url{https://doi.org/10.5281/zenodo.15566336}},
    note         = {VAM-2. Section 6.2 — Probabilistic Hilbert space replaced by phase-coherent swirl flow fields in real 3D space.}
}

% [229] VAM Planck limit emerges from swirl cutoff frequency
@misc{reference_229,
    author       = {Omar Iskandarani},
    title        = {Fractal Swirl: Nested Structure of the Vortex Æther},
    year         = {2025},
    howpublished = {\url{https://doi.org/10.5281/zenodo.15772860}},
    note         = {VAM-12. Section 7 — Maximum swirl frequency and minimum core radius define physical Planck length, time, energy.}
}

% [230] Mass–energy equivalence from swirl energy integral
@misc{reference_230,
    author       = {Omar Iskandarani},
    title        = {Swirl-Induced Curvature as the Mechanism of Gravitation},
    year         = {2025},
    howpublished = {\url{https://doi.org/10.5281/zenodo.15669892}},
    note         = {VAM-10. Section IV — $E = mc^2$ derived from integration of swirl energy density over vortex volume.}
}

% [231] Knot volume integral for particle rest energy
@misc{reference_231,
    author       = {Omar Iskandarani},
    title        = {Master Equation for Particle Masses},
    year         = {2025},
    howpublished = {\url{https://doi.org/10.5281/zenodo.15706536}},
    note         = {VAM-11. Section 4.1 — Rest energy proportional to integrated energy over vortex knot volume $V_{\rm knot}$.}
}

% [232] Quantum electrodynamics as swirl-knot interaction theory
@misc{reference_232,
    author       = {Omar Iskandarani},
    title        = {Knotted Gauge Fields and Chiral Vortex Structures},
    year         = {2025},
    howpublished = {\url{https://doi.org/10.5281/zenodo.15669908}},
    note         = {VAM-6. Section 6.5 — Reconstructs QED from vortex reconnection diagrams, helicity flows, and chirality phase rules.}
}

% [233] Galaxies as nested coherent vortex domains
@misc{reference_233,
    author       = {Omar Iskandarani},
    title        = {Milky Way as a Chiral Swirl-Knot Network},
    year         = {2025},
    howpublished = {\url{https://doi.org/10.5281/zenodo.15772861}},
    note         = {VAM-9. Section 4 — Entire galactic structure modeled as large-scale vortex system with coherent swirl-phase.}
}

% [234] Lagrangian term for inter-knot coupling field
@misc{reference_234,
    author       = {Omar Iskandarani},
    title        = {Topological \& Fluid-Dynamic Lagrangian in the Vortex Æther Model},
    year         = {2025},
    howpublished = {\url{https://doi.org/10.5281/zenodo.15772858}},
    note         = {VAM-14. Section 6.4 — Introduces coupling term $L_{\rm int} \propto \vec{\omega}_1 \cdot \vec{\omega}_2$ over knot overlap region.}
}

% [235] Æther charge as topological helicity density
@misc{reference_235,
    author       = {Omar Iskandarani},
    title        = {On a Vortex-Based Lagrangian Unification of Gravity and Electromagnetism},
    year         = {2025},
    howpublished = {\url{https://doi.org/10.5281/zenodo.15669904}},
    note         = {VAM-5. Section 2.3 — Net charge arises from nonzero integrated helicity in closed vortex system.}
}

% [236] Chirality = directionality of vortex time coupling
@misc{reference_236,
    author       = {Omar Iskandarani},
    title        = {Beyond Spacetime: A Fluid-Dynamic Theory of Gravity and Time from Vorticity},
    year         = {2025},
    howpublished = {\url{https://doi.org/10.5281/zenodo.15706547}},
    note         = {VAM-13. Section 5.2 — Matter vs. antimatter determined by handedness of swirl knot relative to global time axis.}
}

% [237] Quantum probability from swirl phase ensemble
@misc{reference_237,
    author       = {Omar Iskandarani},
    title        = {Swirl Clocks and Vorticity-Induced Gravity},
    year         = {2025},
    howpublished = {\url{https://doi.org/10.5281/zenodo.15566336}},
    note         = {VAM-2. Section 6.1 — Probability = relative phase density across ensemble of coherent swirl states.}
}

% [238] Meissner effect as swirl field exclusion
@misc{reference_238,
    author       = {Omar Iskandarani},
    title        = {On a Vortex-Based Lagrangian Unification of Gravity and Electromagnetism},
    year         = {2025},
    howpublished = {\url{https://doi.org/10.5281/zenodo.15669904}},
    note         = {VAM-5. Section 5.3 — Swirl field expelled from superconducting region; matches magnetic field expulsion.}
}

% [239] VAM unification field replaces Lagrangian density terms
@misc{reference_239,
    author       = {Omar Iskandarani},
    title        = {Topological \& Fluid-Dynamic Lagrangian in the Vortex Æther Model},
    year         = {2025},
    howpublished = {\url{https://doi.org/10.5281/zenodo.15772858}},
    note         = {VAM-14. Section 6.1 — Complete field Lagrangian includes mass, charge, spin, EM, gravity from structured swirl.}
}

% [240] Relativistic time contraction as swirl angular velocity limit
@misc{reference_240,
    author       = {Omar Iskandarani},
    title        = {Time Dilation in a 3D Superfluid Æther Model},
    year         = {2025},
    howpublished = {\url{https://doi.org/10.5281/zenodo.15669795}},
    note         = {VAM-1. Equation (3) — $d\tau = dt \sqrt{1 - \omega^2/c^2}$; time slows as vortex speed approaches $c$.}
}

% [241] Frame-dragging derived from swirl circulation
@misc{reference_241,
    author       = {Omar Iskandarani},
    title        = {Swirl Clocks and Vorticity-Induced Gravity},
    year         = {2025},
    howpublished = {\url{https://doi.org/10.5281/zenodo.15566336}},
    note         = {VAM-2. Section 4.4 — Rotating mass knot generates swirl vector field dragging local clock rates.}
}

% [242] Swirl-induced time curvature replaces Ricci tensor
@misc{reference_242,
    author       = {Omar Iskandarani},
    title        = {Swirl-Induced Curvature as the Mechanism of Gravitation},
    year         = {2025},
    howpublished = {\url{https://doi.org/10.5281/zenodo.15669892}},
    note         = {VAM-10. Section IV — Time curvature described via pressure gradient from swirl density; no Einstein field equations needed.}
}
% [243] Gravity = time dilation from vorticity
@misc{reference_243,
    author       = {Omar Iskandarani},
    title        = {Time Dilation in a 3D Superfluid Æther Model},
    year         = {2025},
    howpublished = {\url{https://doi.org/10.5281/zenodo.15669795}},
    note         = {VAM-1. Section 3.2 — Gravitational time dilation explained as function of local swirl angular velocity; replaces GR metric curvature.}
}

% [244] Temporal curvature from Bernoulli pressure
@misc{reference_244,
    author       = {Omar Iskandarani},
    title        = {Swirl-Induced Curvature as the Mechanism of Gravitation},
    year         = {2025},
    howpublished = {\url{https://doi.org/10.5281/zenodo.15669892}},
    note         = {VAM-10. Section IV.B — Bernoulli equation used to relate time dilation and gravitational energy to swirl pressure field.}
}

% [245] Entropy flow direction defines thermodynamic time
@misc{reference_245,
    author       = {Omar Iskandarani},
    title        = {Fractal Swirl: Nested Structure of the Vortex Æther},
    year         = {2025},
    howpublished = {\url{https://doi.org/10.5281/zenodo.15772860}},
    note         = {VAM-12. Section 6.3 — Net swirl entropy increase determines thermodynamic arrow of time in æther dynamics.}
}

% [246] VAM cosmological model replaces ΛCDM
@misc{reference_246,
    author       = {Omar Iskandarani},
    title        = {From Quantum Constants to Galactic Swirl},
    year         = {2025},
    howpublished = {\url{https://doi.org/10.5281/zenodo.15772855}},
    note         = {VAM-7. Section 5 — Cosmic acceleration modeled by global swirl field pressure gradient; no dark energy constant required.}
}

% [247] Time quantization from vortex cycle completion
@misc{reference_247,
    author       = {Omar Iskandarani},
    title        = {Swirl Clocks and Vorticity-Induced Gravity},
    year         = {2025},
    howpublished = {\url{https://doi.org/10.5281/zenodo.15566336}},
    note         = {VAM-2. Section 2.4 — Time measured in discrete vortex cycle completions; defines swirl clock quantization.}
}

% [248] Temporal layering in atomic transitions
@misc{reference_248,
    author       = {Omar Iskandarani},
    title        = {Time Dilation in a 3D Superfluid Æther Model},
    year         = {2025},
    howpublished = {\url{https://doi.org/10.5281/zenodo.15669795}},
    note         = {VAM-1. Section 4.4 — Transition frequencies arise from nested swirl states with layered time cycles.}
}

% [249] Photon propagation speed from æther stiffness
@misc{reference_249,
    author       = {Omar Iskandarani},
    title        = {On a Vortex-Based Lagrangian Unification of Gravity and Electromagnetism},
    year         = {2025},
    howpublished = {\url{https://doi.org/10.5281/zenodo.15669904}},
    note         = {VAM-5. Section 2.4 — $c = \sqrt{1/(\varepsilon_0 \mu_0)}$ derived from tension and inertial density of swirl medium.}
}

% [250] Swirl knots as topological solitons
@misc{reference_250,
    author       = {Omar Iskandarani},
    title        = {Knotted Gauge Fields and Chiral Vortex Structures},
    year         = {2025},
    howpublished = {\url{https://doi.org/10.5281/zenodo.15669908}},
    note         = {VAM-6. Section 2.1 — Vortex knots represent localized, persistent field excitations; soliton solutions of the swirl Lagrangian.}
}

% [251] Swirl-induced curvature replaces Einstein tensor
@misc{reference_251,
    author       = {Omar Iskandarani},
    title        = {Swirl-Induced Curvature as the Mechanism of Gravitation},
    year         = {2025},
    howpublished = {\url{https://doi.org/10.5281/zenodo.15669892}},
    note         = {VAM-10. Section IV — Time curvature generated by rotational energy of æther; directly replaces Einstein tensor.}
}

% [252] VAM reproduces Lense–Thirring precession
@misc{reference_252,
    author       = {Omar Iskandarani},
    title        = {Swirl Clocks and Vorticity-Induced Gravity},
    year         = {2025},
    howpublished = {\url{https://doi.org/10.5281/zenodo.15566336}},
    note         = {VAM-2. Section 4.4 — Frame dragging and orbital precession predicted from swirl circulation; matches Lense–Thirring values.}
}

% [253] Particle identity from topological vortex invariants
@misc{reference_253,
    author       = {Omar Iskandarani},
    title        = {Master Equation for Particle Masses},
    year         = {2025},
    howpublished = {\url{https://doi.org/10.5281/zenodo.15706536}},
    note         = {VAM-11. Section 2.1 — Particle species defined by twist, linking, and volume of vortex knots; stable configurations represent known particles.}
}


@article{irvine2013-knots,
    author       = {William T. M. Irvine and Dirk Bouwmeester},
    title        = {Linked and knotted beams of light},
    journal      = {Nature Physics},
    volume       = {9},
    number       = {12},
    year         = {2013},
    pages        = {790--795},
    doi          = {10.1038/nphys2483},
    note         = {Referenced for comparison with experimental vortex knots}
}