%! Author = mr
%! Date = 2/15/2025

@article{maxwell1861,
    author = {James Clerk Maxwell},
    title = {On Physical Lines of Force},
    journal = {Philosophical Magazine},
    year = {1861},
    volume = {21},
    pages = {161-175}
}

@book{clausius1865,
    author = {Rudolf Clausius},
    title = {The Mechanical Theory of Heat},
    year = {1865},
    publisher = {John van Voorst}
}

@article{helmholtz1858,
    author = {Hermann von Helmholtz},
    title = {On Integrals of the Hydrodynamic Equations Corresponding to Vortex Motion},
    journal = {Journal f{"u}r die reine und angewandte Mathematik},
    year = {1858},
    volume = {55},
    pages = {25-55}
}

@article{kelvin1867,
    author = {William Thomson (Lord Kelvin)},
    title = {On Vortex Atoms},
    journal = {Proceedings of the Royal Society of Edinburgh},
    year = {1867},
    volume = {6},
    pages = {94-105}
}

@article{verlinde2010,
    author = {Erik Verlinde},
    title = {On the Origin of Gravity and the Laws of Newton},
    journal = {Journal of High Energy Physics},
    year = {2010},
    volume = {2011},
    pages = {29-42}
}

@article{kleckner2013,
    author = {Dustin Kleckner and William T. M. Irvine},
    title = {Creation and Dynamics of Knotted Vortices},
    journal = {Nature Physics},
    year = {2013},
    volume = {9},
    pages = {253-258},
    doi = {10.1038/nphys2560}
}

@article{vinen2024,
    author = {W. F. Vinen},
    title = {The Physics of Superfluid Helium},
    journal = {Journal of Physics and Astronomy},
    year = {2024},
    doi = {10.1017/jfm.2021.943}
}

@article{podkletnov2007,
    author = {Eugene Podkletnov},
    title = {Vortex Dynamics Linked to Gravity Shielding},
    journal = {Journal of Applied Physics},
    year = {2007}
}

@article{orlandi2021,
    author = {Paolo Orlandi and Roberto Verzicco},
    title = {Vortex Rings Impinging on Walls},
    journal = {Physics of Fluids},
    year = {2021}
}

@article{scalo2017,
    author = {Carlo Scalo, Zongxin Yu, Jean-Baptiste Chapelier},
    title = {Coherent-Vorticity Preserving Large-Eddy Simulation of Trefoil Knotted Vortices},
    journal = {Journal of Fluid Mechanics},
    year = {2017},
    volume = {835},
    pages = {45-69},
    doi = {10.1017/jfm.2017.583}
}

@article{ricca1998,
    author = {Renzo L. Ricca},
    title = {Applications of Knot Theory in Fluid Mechanics},
    journal = {Chaos, Solitons and Fractals},
    year = {1998},
    volume = {9},
    pages = {1-20}
}

@article{cahill2005,
    author = {Reginald T. Cahill},
    title = {Novel Gravity Probe B Frame-Dragging Effect},
    journal = {Progress in Physics},
    year = {2005},
    volume = {3},
    pages = {27-40}
}

@article{meunier2005,
    author = {Patrick Meunier, Thomas Leweke, and Christoph H. K. Williamson},
    title = {Experimental Studies on Vortex Merging},
    journal = {Journal of Fluid Mechanics},
    year = {2005},
    volume = {52},
    pages = {1223-1245}
}

@article{gehlert2023,
    author = {Tobias Gehlert and Peter Schumacher},
    title = {Vortex Force Decomposition in Fluids and Plasmas},
    journal = {Physics of Fluids},
    year = {2023},
    volume = {35},
    pages = {159-174}
}

@article{bublik2023,
    author = {Pavel Bělík and others},
    title = {Equilibrium Energy and Entropy of Vortex Filaments},
    journal = {Open Journal of Fluid Dynamics},
    year = {2023},
    volume = {13},
    pages = {144-176},
    doi = {10.4236/ojfd.2023.133012}
}

@article{witten1995,
    author = {Edward Witten},
    title = {String Theory Dynamics in Various Dimensions},
    journal = {Nuclear Physics B},
    year = {1995},
    volume = {443},
    pages = {85-126},
    doi = {10.1016/0550-3213(95)00158-0}
}

@article{jacobson2001,
    author = {Ted Jacobson and David Mattingly},
    title = {Gravity with a Dynamical Preferred Frame},
    journal = {Physical Review D},
    year = {2001},
    volume = {64},
    pages = {024028},
    doi = {10.1103/PhysRevD.64.024028}
}

@article{faddeev1997,
    author = {L. D. Faddeev and A. J. Niemi},
    title = {Stable Knot-Like Structures in Classical Field Theory},
    journal = {Nature},
    year = {1997},
    volume = {387},
    pages = {58-61},
    doi = {10.1038/387058a0}
}

@article{raymer2007,
    author = {M. G. Raymer and B. J. Smith},
    title = {The Maxwell Wave Function of the Photon},
    journal = {SPIE Reviews},
    year = {2007},
    volume = {6937},
    pages = {69370J}
}

@book{volovik2003,
    author = {G. E. Volovik},
    title = {The Universe in a Helium Droplet},
    publisher = {Clarendon Press},
    year = {2003}
}

@article{abe2023,
    author = {Sumiyoshi Abe and Shinji Okuyama},
    title = {Similarity Between Quantum Mechanics and Thermodynamics},
    journal = {Inspire Institute Inc.},
    year = {2023}
}

@article{casimir1948,
    author = {H. B. G. Casimir},
    title = {On the Attraction Between Two Perfectly Conducting Plates},
    journal = {Proceedings of the Koninklijke Nederlandse Akademie van Wetenschappen},
    year = {1948},
    volume = {51},
    pages = {793-795}
}

@article{zhao2021,
    author = {Xinran Zhao, Zongxin Yu, Jean-Baptiste Chapelier, and Carlo Scalo},
    title = {Direct Numerical and Large-Eddy Simulation of Trefoil Knotted Vortices},
    journal = {Journal of Fluid Mechanics},
    volume = {910},
    year = {2021},
    pages = {A31}
}

@article{vinen2002,
    author = {W. F. Vinen},
    title = {The Physics of Superfluid Helium},
    journal = {CERN},
    year = {2002},
    pages = {1-34}
}

@article{belik2023,
    author = {Pavel Bělík, Douglas P. Dokken, Mikhail M. Shvartsman, Eric Bibelnieks, Robert Laskowski, Alek Lukanen},
    title = {Equilibrium Energy and Entropy of Vortex Filaments in the Context of Tornadogenesis and Tornadic Flows},
    journal = {Open Journal of Fluid Dynamics},
    volume = {13},
    year = {2023},
    pages = {144-176}
}

@article{kleckner2016,
    author = {Dustin Kleckner, Louis H. Kauffman, William T. M. Irvine},
    title = {How Superfluid Vortex Knots Untie},
    journal = {Nature Physics},
    volume = {12},
    year = {2016},
    pages = {650-657}
}

@article{keller2024,
    author = {Jason M. Keller, Alexei F. Cheviakov},
    title = {Exact Spherical Vortex-Type Equilibrium Flows in Fluids and Plasmas},
    journal = {Fundamental Plasma Physics},
    volume = {11},
    year = {2024},
    pages = {100063}
}