

@misc{NISTDLMF,
    author       = {Olver, Frank W. J. and Lozier, Daniel W. and Boisvert, Ronald F. and Clark, Charles W.},
    title        = {NIST Digital Library of Mathematical Functions},
    howpublished = {\url{https://dlmf.nist.gov/}},
    year         = {2023},
    note         = {Inverse hyperbolic functions, ยง4.37; identities for tanh and coth}
}

@book{Livio2002GoldenRatio,
    author    = {Mario Livio},
    title     = {The Golden Ratio: The Story of Phi, the World's Most Astonishing Number},
    year      = {2002},
    publisher = {Broadway Books},
    address   = {New York}
}